Sales,01/01/2024,01/02/2024,01/03/2024,01/04/2024,01/05/2024,01/06/2024,01/07/2024,01/08/2024,01/09/2024,01/10/2024,01/11/2024,01/12/2024,01/13/2024,01/14/2024,01/15/2024,01/16/2024,01/17/2024,01/18/2024,01/19/2024,01/20/2024,01/21/2024,01/22/2024,01/23/2024,01/24/2024,01/25/2024,01/26/2024,01/27/2024,01/28/2024,01/29/2024,01/30/2024,01/31/2024,02/01/2024,02/02/2024,02/03/2024,02/04/2024,02/05/2024,02/06/2024,02/07/2024,02/08/2024,02/09/2024,02/10/2024,02/11/2024,02/12/2024,02/13/2024,02/14/2024,02/15/2024,02/16/2024,02/17/2024,02/18/2024,02/19/2024,02/20/2024,02/21/2024,02/22/2024,02/23/2024,02/24/2024,02/25/2024,02/26/2024,02/27/2024,02/28/2024,02/29/2024,03/01/2024,03/02/2024,03/03/2024,03/04/2024,03/05/2024,03/06/2024,03/07/2024,03/08/2024,03/09/2024,03/10/2024,03/11/2024,03/12/2024,03/13/2024,03/14/2024,03/15/2024,03/16/2024,03/17/2024,03/18/2024,03/19/2024,03/20/2024,03/21/2024,03/22/2024,03/23/2024,03/24/2024,03/25/2024,03/26/2024,03/27/2024,03/28/2024,03/29/2024,03/30/2024,03/31/2024,04/01/2024,04/02/2024,04/03/2024,04/04/2024,04/05/2024,04/06/2024,04/07/2024,04/08/2024,04/09/2024,04/10/2024,04/11/2024,04/12/2024,04/13/2024,04/14/2024,04/15/2024,04/16/2024,04/17/2024,04/18/2024,04/19/2024,04/20/2024,04/21/2024,04/22/2024,04/23/2024,04/24/2024,04/25/2024,04/26/2024,04/27/2024,04/28/2024,04/29/2024,04/30/2024,05/01/2024,05/02/2024,05/03/2024,05/04/2024,05/05/2024,05/06/2024,05/07/2024,05/08/2024,05/09/2024,05/10/2024,05/11/2024,05/12/2024,05/13/2024,05/14/2024,05/15/2024,05/16/2024,05/17/2024,05/18/2024,05/19/2024,05/20/2024,05/21/2024,05/22/2024,05/23/2024,05/24/2024,05/25/2024,05/26/2024,05/27/2024,05/28/2024,05/29/2024,05/30/2024,05/31/2024,06/01/2024,06/02/2024,06/03/2024,06/04/2024,06/05/2024,06/06/2024,06/07/2024,06/08/2024,06/09/2024,06/10/2024,06/11/2024,06/12/2024,06/13/2024,06/14/2024,06/15/2024,06/16/2024,06/17/2024,06/18/2024,06/19/2024,06/20/2024,06/21/2024,06/22/2024,06/23/2024,06/24/2024,06/25/2024,06/26/2024,06/27/2024,06/28/2024,06/29/2024,06/30/2024,07/01/2024,07/02/2024,07/03/2024,07/04/2024,07/05/2024,07/06/2024,07/07/2024,07/08/2024,07/09/2024,07/10/2024,07/11/2024,07/12/2024,07/13/2024,07/14/2024,07/15/2024,07/16/2024,07/17/2024,07/18/2024,07/19/2024,07/20/2024,07/21/2024,07/22/2024,07/23/2024,07/24/2024,07/25/2024,07/26/2024,07/27/2024,07/28/2024,07/29/2024,07/30/2024,07/31/2024,08/01/2024,08/02/2024,08/03/2024,08/04/2024,08/05/2024,08/06/2024,08/07/2024,08/08/2024,08/09/2024,08/10/2024,08/11/2024,08/12/2024,08/13/2024,08/14/2024,08/15/2024,08/16/2024,08/17/2024,08/18/2024,08/19/2024,08/20/2024,08/21/2024,08/22/2024,08/23/2024,08/24/2024,08/25/2024,08/26/2024,08/27/2024,08/28/2024,08/29/2024,08/30/2024,08/31/2024,09/01/2024,09/02/2024,09/03/2024,09/04/2024,09/05/2024,09/06/2024,09/07/2024,09/08/2024,09/09/2024,09/10/2024,09/11/2024,09/12/2024,09/13/2024,09/14/2024,09/15/2024,09/16/2024,09/17/2024,09/18/2024,09/19/2024,09/20/2024,09/21/2024,09/22/2024,09/23/2024,09/24/2024,09/25/2024,09/26/2024,09/27/2024,09/28/2024,09/29/2024,09/30/2024,10/01/2024,10/02/2024,10/03/2024,10/04/2024,10/05/2024,10/06/2024,10/07/2024,10/08/2024,10/09/2024,10/10/2024,10/11/2024,10/12/2024,10/13/2024,10/14/2024,10/15/2024,10/16/2024,10/17/2024,10/18/2024,10/19/2024,10/20/2024,10/21/2024,10/22/2024,10/23/2024,10/24/2024,10/25/2024,10/26/2024,10/27/2024,10/28/2024,10/29/2024,10/30/2024,10/31/2024,11/01/2024,11/02/2024,11/03/2024,11/04/2024,11/05/2024,11/06/2024,11/07/2024,11/08/2024,11/09/2024,11/10/2024,11/11/2024,11/12/2024,11/13/2024,11/14/2024,11/15/2024,11/16/2024,11/17/2024,11/18/2024,11/19/2024,11/20/2024,11/21/2024,11/22/2024,11/23/2024,11/24/2024,11/25/2024,11/26/2024,11/27/2024,11/28/2024,11/29/2024,11/30/2024,12/01/2024,12/02/2024,12/03/2024,12/04/2024,12/05/2024,12/06/2024,12/07/2024,12/08/2024,12/09/2024,12/10/2024,12/11/2024,12/12/2024,12/13/2024,12/14/2024,12/15/2024,12/16/2024,12/17/2024,12/18/2024,12/19/2024,12/20/2024,12/21/2024,12/22/2024,12/23/2024,12/24/2024,12/25/2024,12/26/2024,12/27/2024,12/28/2024,12/29/2024,12/30/2024,12/31/2024,01/01/2025
Gross Sales,"$2,139.77","$2,159.67","$2,229.84","$3,444.19","$3,268.03","$4,754.13","$3,211.23","$2,206.78","$1,767.73","$2,883.98","$3,019.35","$3,866.92","$4,780.06","$3,011.04","$2,010.78","$2,657.84","$2,646.95","$3,092.87","$4,020.17","$4,961.67","$3,889.82","$1,587.87","$2,137.69","$2,809.83","$3,058.16","$3,745.00","$5,649.78","$3,166.80","$2,559.57","$2,578.42","$3,567.87","$2,812.50","$3,866.54","$4,987.55","$3,984.44","$2,135.68","$2,473.10","$2,737.54","$3,125.05","$4,429.56","$5,306.98","$3,385.06","$3,077.03","$3,156.46","$3,977.30","$2,233.59","$4,146.50","$4,677.99","$3,262.11","$4,019.35","$2,242.27","$3,812.48","$2,605.11","$3,984.53","$4,722.38","$4,052.59","$3,282.50","$2,322.69","$3,781.91","$2,687.32","$3,848.67","$5,673.27","$3,951.04","$2,797.68","$3,358.13","$2,774.94","$4,012.79","$4,462.09","$4,572.56","$3,640.87","$2,601.53","$3,777.43","$3,852.22","$2,828.65","$4,657.52","$5,084.56","$4,110.64","$2,650.10","$3,171.18","$2,662.17","$3,265.45","$3,930.78","$5,222.14","$3,992.83","$3,749.68","$2,823.54","$3,761.25","$4,313.23","$5,392.46","$4,791.54","$2,849.04",$676.50,"$2,833.34","$3,033.07","$3,361.62","$4,514.23","$4,433.53","$3,940.43","$3,762.73","$2,727.18","$3,820.31","$3,308.21","$4,044.69","$5,095.91","$4,157.78","$3,754.69","$4,193.01","$3,611.72","$3,244.16","$5,122.44","$5,840.50","$4,685.82","$3,212.86","$3,165.04","$3,539.62","$3,970.42","$5,228.13","$5,890.00","$3,919.95","$3,774.33","$3,161.99","$3,661.04","$4,021.12","$4,710.00","$5,661.40","$4,174.59","$3,064.55","$3,313.22","$3,813.97","$4,073.61","$5,218.07","$6,625.38","$5,074.72","$4,536.37","$3,852.25","$3,261.22","$4,599.28","$5,263.28","$5,530.19","$4,703.93","$3,929.37","$4,494.52","$3,286.92","$3,655.91","$4,427.08","$5,580.98","$4,488.79","$3,532.39","$4,297.24","$3,370.71","$4,578.47","$4,164.06","$6,210.35","$3,936.49","$2,775.12","$2,895.60","$3,507.27","$3,705.86","$5,001.14","$5,038.57","$3,735.71",$0.00,"$3,792.55","$3,771.43","$4,143.63","$5,674.37","$5,974.63","$5,831.63","$3,688.42","$3,133.01","$3,475.37","$3,916.37","$3,317.82","$5,664.52","$3,887.95","$3,568.49","$5,037.00","$4,066.07","$3,977.09","$4,842.16","$4,875.99","$3,334.42",$0.00,"$3,268.94","$3,717.16","$3,610.94","$4,407.80","$5,129.19","$3,343.99","$2,621.96","$3,349.41","$2,774.51","$3,454.06","$3,891.08","$5,061.57","$4,408.09","$2,589.61","$3,595.64","$3,516.29","$3,170.37","$3,881.00","$4,874.20","$4,568.34","$2,802.12","$3,353.36","$3,140.72","$4,042.75","$4,896.73","$4,523.00","$4,146.23","$2,978.28","$2,986.97","$3,121.58","$3,300.40","$4,259.01","$4,514.16","$2,723.33","$2,763.47","$2,587.06","$2,864.88","$3,191.92","$3,757.34","$5,121.55","$2,512.13","$3,064.64","$3,274.38","$4,553.79","$4,040.18","$4,035.81","$4,928.59","$3,484.65","$2,568.78","$3,002.12","$3,344.70","$4,006.86","$4,559.23","$5,377.78","$3,219.55","$2,662.78","$3,095.01","$3,458.56","$3,402.53","$4,271.23","$5,091.73","$4,080.51",$0.00,"$3,261.24","$3,238.59","$3,257.14","$4,382.63","$5,567.25","$4,142.47","$3,410.35","$3,499.77","$3,169.51","$3,084.23","$4,143.81","$5,086.27","$3,884.95","$3,229.99","$2,947.98","$3,467.95","$3,998.03","$4,777.25","$4,948.74","$5,082.99","$3,320.10","$3,195.73","$3,199.16","$3,454.16","$4,395.68","$4,579.82","$4,055.62","$3,210.31","$3,184.70","$3,333.65","$3,770.78","$4,183.82","$5,387.55","$3,183.76","$3,340.66","$3,411.40","$3,383.96","$3,570.73","$4,917.29","$5,170.27","$2,498.86",$0.00,"$2,986.68","$3,415.79","$4,204.46","$3,987.16","$5,430.73","$3,734.95","$2,935.69","$3,280.74","$3,435.35","$3,102.04","$4,287.34","$5,231.64","$3,455.07","$2,862.20","$2,997.27","$3,173.58","$3,173.81","$4,714.06","$5,279.25","$4,019.92","$2,929.53","$2,968.82","$3,227.66","$3,495.32","$4,193.28","$5,755.09","$3,092.28","$2,928.82","$2,945.52","$2,849.00","$3,831.56","$4,184.65","$4,733.64","$4,491.56","$2,746.11","$3,064.31","$2,846.15","$4,439.39","$4,867.78","$5,066.40","$3,355.18","$2,706.49","$2,969.38","$3,147.48","$3,178.31","$4,407.06","$5,651.18","$3,858.31","$2,678.25","$3,684.03","$2,968.86","$2,743.55","$3,454.79","$5,714.15","$4,512.71",$192.50,$0.00,$0.00,$0.00,$0.00,$0.00,$0.00,$0.00,$0.00,$0.00,$0.00,$0.00,$0.00,$0.00,$0.00,$0.00,$0.00,$0.00,$0.00,$0.00,$0.00,$0.00,$0.00,$0.00
Items,"$2,139.77","$2,159.67","$2,229.84","$3,444.19","$3,268.03","$4,754.13","$3,211.23","$2,206.78","$1,767.73","$2,883.98","$3,019.35","$3,866.92","$4,780.06","$3,011.04","$2,010.78","$2,657.84","$2,646.95","$3,092.87","$4,020.17","$4,961.67","$3,889.82","$1,587.87","$2,137.69","$2,809.83","$3,058.16","$3,745.00","$5,649.78","$3,166.80","$2,559.57","$2,578.42","$3,567.87","$2,812.50","$3,866.54","$4,987.55","$3,984.44","$2,135.68","$2,473.10","$2,737.54","$3,125.05","$4,429.56","$5,306.98","$3,385.06","$3,077.03","$3,156.46","$3,977.30","$2,233.59","$4,146.50","$4,677.99","$3,262.11","$4,019.35","$2,242.27","$3,812.48","$2,605.11","$3,984.53","$4,722.38","$4,052.59","$3,282.50","$2,322.69","$3,781.91","$2,687.32","$3,848.67","$5,673.27","$3,951.04","$2,797.68","$3,358.13","$2,774.94","$4,012.79","$4,462.09","$4,572.56","$3,640.87","$2,601.53","$3,777.43","$3,852.22","$2,828.65","$4,657.52","$5,084.56","$4,110.64","$2,650.10","$3,171.18","$2,662.17","$3,265.45","$3,930.78","$5,222.14","$3,992.83","$3,749.68","$2,823.54","$3,761.25","$4,313.23","$5,392.46","$4,791.54","$2,849.04",$676.50,"$2,833.34","$3,033.07","$3,361.62","$4,514.23","$4,433.53","$3,940.43","$3,762.73","$2,727.18","$3,820.31","$3,308.21","$4,044.69","$5,095.91","$4,157.78","$3,754.69","$4,193.01","$3,611.72","$3,244.16","$5,122.44","$5,825.50","$4,685.82","$3,212.86","$3,165.04","$3,539.62","$3,970.42","$5,228.13","$5,890.00","$3,919.95","$3,774.33","$3,161.99","$3,661.04","$4,021.12","$4,710.00","$5,661.40","$4,174.59","$3,064.55","$3,313.22","$3,813.97","$4,073.61","$5,218.07","$6,625.38","$5,074.72","$4,536.37","$3,852.25","$3,261.22","$4,599.28","$5,263.28","$5,530.19","$4,703.93","$3,929.37","$4,494.52","$3,286.92","$3,655.91","$4,427.08","$5,580.98","$4,488.79","$3,532.39","$4,297.24","$3,370.71","$4,578.47","$4,164.06","$6,210.35","$3,936.49","$2,775.12","$2,895.60","$3,507.27","$3,705.86","$5,001.14","$5,038.57","$3,735.71",$0.00,"$3,792.55","$3,771.43","$4,143.63","$5,674.37","$5,974.63","$5,831.63","$3,688.42","$3,133.01","$3,475.37","$3,916.37","$3,317.82","$5,664.52","$3,887.95","$3,568.49","$5,037.00","$4,066.07","$3,977.09","$4,842.16","$4,875.99","$3,334.42",$0.00,"$3,268.94","$3,717.16","$3,610.94","$4,407.80","$5,129.19","$3,343.99","$2,621.96","$3,349.41","$2,774.51","$3,454.06","$3,891.08","$5,061.57","$4,408.09","$2,589.61","$3,595.64","$3,516.29","$3,170.37","$3,881.00","$4,874.20","$4,568.34","$2,802.12","$3,353.36","$3,140.72","$4,042.75","$4,896.73","$4,523.00","$4,146.23","$2,978.28","$2,986.97","$3,121.58","$3,300.40","$4,259.01","$4,514.16","$2,723.33","$2,763.47","$2,587.06","$2,864.88","$3,191.92","$3,757.34","$5,121.55","$2,512.13","$3,064.64","$3,274.38","$4,553.79","$4,040.18","$4,035.81","$4,928.59","$3,484.65","$2,568.78","$3,002.12","$3,344.70","$4,006.86","$4,559.23","$5,377.78","$3,219.55","$2,662.78","$3,095.01","$3,458.56","$3,402.53","$4,271.23","$5,091.73","$4,080.51",$0.00,"$3,261.24","$3,238.59","$3,257.14","$4,382.63","$5,567.25","$4,142.47","$3,410.35","$3,499.77","$3,169.51","$3,084.23","$4,143.81","$5,086.27","$3,884.95","$3,229.99","$2,947.98","$3,467.95","$3,998.03","$4,777.25","$4,948.74","$5,082.99","$3,320.10","$3,195.73","$3,199.16","$3,454.16","$4,395.68","$4,579.82","$4,055.62","$3,210.31","$3,184.70","$3,333.65","$3,770.78","$4,183.82","$5,387.55","$3,183.76","$3,340.66","$3,411.40","$3,383.96","$3,570.73","$4,917.29","$5,170.27","$2,498.86",$0.00,"$2,986.68","$3,415.79","$4,204.46","$3,987.16","$5,430.73","$3,734.95","$2,935.69","$3,280.74","$3,435.35","$3,102.04","$4,287.34","$5,231.64","$3,455.07","$2,862.20","$2,997.27","$3,173.58","$3,173.81","$4,714.06","$5,279.25","$4,019.92","$2,929.53","$2,968.82","$3,227.66","$3,495.32","$4,193.28","$5,755.09","$3,092.28","$2,928.82","$2,945.52","$2,849.00","$3,831.56","$4,184.65","$4,733.64","$4,491.56","$2,746.11","$3,064.31","$2,846.15","$4,439.39","$4,867.78","$5,066.40","$3,355.18","$2,706.49","$2,969.38","$3,147.48","$3,178.31","$4,407.06","$5,651.18","$3,858.31","$2,678.25","$3,684.03","$2,968.86","$2,743.55","$3,454.79","$5,714.15","$4,512.71",$192.50,$0.00,$0.00,$0.00,$0.00,$0.00,$0.00,$0.00,$0.00,$0.00,$0.00,$0.00,$0.00,$0.00,$0.00,$0.00,$0.00,$0.00,$0.00,$0.00,$0.00,$0.00,$0.00,$0.00
Service Charges,$0.00,$0.00,$0.00,$0.00,$0.00,$0.00,$0.00,$0.00,$0.00,$0.00,$0.00,$0.00,$0.00,$0.00,$0.00,$0.00,$0.00,$0.00,$0.00,$0.00,$0.00,$0.00,$0.00,$0.00,$0.00,$0.00,$0.00,$0.00,$0.00,$0.00,$0.00,$0.00,$0.00,$0.00,$0.00,$0.00,$0.00,$0.00,$0.00,$0.00,$0.00,$0.00,$0.00,$0.00,$0.00,$0.00,$0.00,$0.00,$0.00,$0.00,$0.00,$0.00,$0.00,$0.00,$0.00,$0.00,$0.00,$0.00,$0.00,$0.00,$0.00,$0.00,$0.00,$0.00,$0.00,$0.00,$0.00,$0.00,$0.00,$0.00,$0.00,$0.00,$0.00,$0.00,$0.00,$0.00,$0.00,$0.00,$0.00,$0.00,$0.00,$0.00,$0.00,$0.00,$0.00,$0.00,$0.00,$0.00,$0.00,$0.00,$0.00,$0.00,$0.00,$0.00,$0.00,$0.00,$0.00,$0.00,$0.00,$0.00,$0.00,$0.00,$0.00,$0.00,$0.00,$0.00,$0.00,$0.00,$0.00,$0.00,$15.00,$0.00,$0.00,$0.00,$0.00,$0.00,$0.00,$0.00,$0.00,$0.00,$0.00,$0.00,$0.00,$0.00,$0.00,$0.00,$0.00,$0.00,$0.00,$0.00,$0.00,$0.00,$0.00,$0.00,$0.00,$0.00,$0.00,$0.00,$0.00,$0.00,$0.00,$0.00,$0.00,$0.00,$0.00,$0.00,$0.00,$0.00,$0.00,$0.00,$0.00,$0.00,$0.00,$0.00,$0.00,$0.00,$0.00,$0.00,$0.00,$0.00,$0.00,$0.00,$0.00,$0.00,$0.00,$0.00,$0.00,$0.00,$0.00,$0.00,$0.00,$0.00,$0.00,$0.00,$0.00,$0.00,$0.00,$0.00,$0.00,$0.00,$0.00,$0.00,$0.00,$0.00,$0.00,$0.00,$0.00,$0.00,$0.00,$0.00,$0.00,$0.00,$0.00,$0.00,$0.00,$0.00,$0.00,$0.00,$0.00,$0.00,$0.00,$0.00,$0.00,$0.00,$0.00,$0.00,$0.00,$0.00,$0.00,$0.00,$0.00,$0.00,$0.00,$0.00,$0.00,$0.00,$0.00,$0.00,$0.00,$0.00,$0.00,$0.00,$0.00,$0.00,$0.00,$0.00,$0.00,$0.00,$0.00,$0.00,$0.00,$0.00,$0.00,$0.00,$0.00,$0.00,$0.00,$0.00,$0.00,$0.00,$0.00,$0.00,$0.00,$0.00,$0.00,$0.00,$0.00,$0.00,$0.00,$0.00,$0.00,$0.00,$0.00,$0.00,$0.00,$0.00,$0.00,$0.00,$0.00,$0.00,$0.00,$0.00,$0.00,$0.00,$0.00,$0.00,$0.00,$0.00,$0.00,$0.00,$0.00,$0.00,$0.00,$0.00,$0.00,$0.00,$0.00,$0.00,$0.00,$0.00,$0.00,$0.00,$0.00,$0.00,$0.00,$0.00,$0.00,$0.00,$0.00,$0.00,$0.00,$0.00,$0.00,$0.00,$0.00,$0.00,$0.00,$0.00,$0.00,$0.00,$0.00,$0.00,$0.00,$0.00,$0.00,$0.00,$0.00,$0.00,$0.00,$0.00,$0.00,$0.00,$0.00,$0.00,$0.00,$0.00,$0.00,$0.00,$0.00,$0.00,$0.00,$0.00,$0.00,$0.00,$0.00,$0.00,$0.00,$0.00,$0.00,$0.00,$0.00,$0.00,$0.00,$0.00,$0.00,$0.00,$0.00,$0.00,$0.00,$0.00,$0.00,$0.00,$0.00,$0.00,$0.00,$0.00,$0.00,$0.00,$0.00,$0.00,$0.00,$0.00,$0.00,$0.00,$0.00,$0.00,$0.00,$0.00,$0.00,$0.00,$0.00,$0.00,$0.00,$0.00,$0.00,$0.00,$0.00
Returns,$0.00,$0.00,$0.00,$0.00,$0.00,$0.00,$0.00,$0.00,$0.00,$0.00,$0.00,$0.00,-$24.00,-$38.25,$0.00,$0.00,$0.00,$0.00,$0.00,$0.00,$0.00,$0.00,$0.00,$0.00,$0.00,$0.00,$0.00,$0.00,$0.00,$0.00,$0.00,$0.00,$0.00,$0.00,$0.00,$0.00,$0.00,$0.00,$0.00,$0.00,$0.00,$0.00,-$48.00,$0.00,$0.00,-$13.00,$0.00,$0.00,$0.00,-$11.00,-$3.50,$0.00,$0.00,$0.00,$0.00,-$7.50,$0.00,-$10.75,-$20.00,$0.00,$0.00,-$13.00,$0.00,$0.00,$0.00,$0.00,$0.00,$0.00,$0.00,$0.00,$0.00,$0.00,$0.00,$0.00,$0.00,$0.00,$0.00,$0.00,-$13.00,$0.00,$0.00,$0.00,-$11.34,$0.00,$0.00,$0.00,$0.00,$0.00,$0.00,$0.00,$0.00,$0.00,$0.00,$0.00,$0.00,$0.00,$0.00,$0.00,$0.00,$0.00,$0.00,$0.00,$0.00,-$3.50,$0.00,$0.00,$0.00,-$13.00,$0.00,-$18.00,-$7.00,$0.00,$0.00,$0.00,$0.00,$0.00,$0.00,$0.00,$0.00,$0.00,$0.00,$0.00,$0.00,$0.00,$0.00,$0.00,$0.00,$0.00,$0.00,$0.00,-$11.00,$0.00,-$53.25,$0.00,$0.00,$0.00,$0.00,$0.00,$0.00,$0.00,$0.00,$0.00,$0.00,$0.00,-$13.25,-$7.00,-$6.25,$0.00,$0.00,$0.00,$0.00,$0.00,$0.00,$0.00,$0.00,$0.00,$0.00,$0.00,$0.00,$0.00,$0.00,$0.00,$0.00,$0.00,$0.00,$0.00,$0.00,$0.00,$0.00,$0.00,$0.00,$0.00,$0.00,$0.00,$0.00,$0.00,$0.00,-$4.00,$0.00,$0.00,$0.00,$0.00,$0.00,$0.00,$0.00,$0.00,-$17.60,-$26.25,$0.00,$0.00,$0.00,$0.00,-$26.00,$0.00,$0.00,$0.00,$0.00,$0.00,$0.00,$0.00,$0.00,$0.00,$0.00,-$17.00,-$26.50,$0.00,-$3.65,$0.00,-$50.00,-$24.00,$0.00,$0.00,$0.00,$0.00,$0.00,-$31.25,-$6.00,$0.00,$0.00,$0.00,-$7.00,$0.00,$0.00,-$4.95,-$7.50,$0.00,$0.00,$0.00,$0.00,$0.00,$0.00,$0.00,$0.00,$0.00,$0.00,$0.00,$0.00,$0.00,$0.00,$0.00,$0.00,$0.00,-$7.00,-$6.00,-$10.00,$0.00,$0.00,$0.00,$0.00,$0.00,$0.00,$0.00,$0.00,-$13.25,$0.00,$0.00,$0.00,$0.00,-$13.25,$0.00,$0.00,$0.00,$0.00,-$13.25,$0.00,-$13.25,$0.00,$0.00,$0.00,$0.00,$0.00,$0.00,-$13.25,$0.00,$0.00,$0.00,$0.00,$0.00,$0.00,$0.00,$0.00,-$6.75,$0.00,$0.00,$0.00,$0.00,$0.00,$0.00,$0.00,-$13.25,$0.00,$0.00,$0.00,$0.00,$0.00,-$7.90,$0.00,$0.00,$0.00,$0.00,$0.00,$0.00,$0.00,$0.00,$0.00,$0.00,$0.00,-$18.00,$0.00,-$7.50,$0.00,$0.00,$0.00,$0.00,$0.00,$0.00,$0.00,$0.00,$0.00,-$52.50,$0.00,$0.00,$0.00,$0.00,$0.00,$0.00,$0.00,-$26.50,$0.00,$0.00,$0.00,$0.00,$0.00,-$7.50,$0.00,$0.00,$0.00,$0.00,$0.00,$0.00,$0.00,$0.00,$0.00,$0.00,$0.00,$0.00,$0.00,$0.00,$0.00,$0.00,$0.00,$0.00,$0.00,$0.00,$0.00,$0.00,$0.00,$0.00,$0.00,$0.00,$0.00,$0.00,$0.00,$0.00,$0.00,$0.00,$0.00
Discounts & Comps,-$13.50,-$4.53,-$17.35,-$21.28,-$35.81,-$39.17,-$33.37,-$65.25,-$45.70,-$134.28,-$75.27,-$38.26,-$55.98,-$43.95,-$63.14,-$38.39,-$85.90,-$17.38,-$67.36,-$62.94,-$53.19,-$20.80,-$87.58,-$92.93,-$18.77,-$20.35,-$102.88,-$33.66,-$54.70,-$83.03,-$39.72,-$71.05,-$93.42,-$103.03,-$13.98,-$20.22,-$31.75,-$49.53,-$40.20,-$57.14,-$53.93,-$13.40,-$21.33,-$45.14,-$50.76,-$89.25,-$26.58,-$20.68,-$26.90,-$69.11,-$15.50,-$26.04,-$12.34,-$43.40,-$39.47,-$35.03,-$40.68,-$47.52,-$82.17,-$37.64,-$36.46,-$64.60,-$40.53,-$82.66,-$22.90,-$47.73,-$143.52,-$42.46,-$23.39,-$45.76,-$35.25,-$209.82,-$30.56,-$61.88,-$43.57,-$84.00,-$42.49,-$57.81,-$56.21,-$47.64,-$54.32,-$39.25,-$56.76,-$9.01,-$24.89,-$21.90,-$56.62,-$57.46,-$58.23,-$37.40,-$30.23,$0.00,-$50.05,-$27.23,-$66.31,-$56.88,-$38.73,-$10.51,-$7.70,-$19.06,-$33.85,-$116.35,-$51.48,-$28.59,-$12.35,-$47.92,-$39.65,-$61.35,-$52.68,-$160.91,-$119.51,-$37.92,-$45.54,-$28.05,-$288.40,-$77.09,-$58.50,-$53.32,-$26.88,-$32.98,-$64.12,-$35.06,-$78.83,-$66.27,-$31.64,-$24.06,-$43.63,-$66.38,-$81.58,-$48.94,-$35.58,-$25.68,-$178.56,-$87.82,-$87.43,-$70.12,-$21.58,-$119.62,-$67.69,-$30.43,-$27.00,-$93.19,-$56.03,-$61.16,-$74.72,-$100.64,-$52.62,-$182.18,-$171.08,-$35.73,-$70.94,-$89.58,-$36.26,-$86.44,-$57.33,-$56.08,-$127.41,-$85.76,-$107.55,-$48.32,-$8.43,$0.00,-$91.76,-$26.57,-$44.37,-$60.93,-$88.42,-$49.97,-$40.05,-$78.95,-$34.65,-$113.63,-$52.32,-$176.45,-$195.99,-$64.12,-$78.17,-$31.83,-$43.98,-$48.80,-$69.94,-$118.51,$0.00,-$42.72,-$46.36,-$26.05,-$51.73,-$43.03,-$69.08,-$41.09,-$63.36,-$41.95,-$54.04,-$57.99,-$57.88,-$39.78,-$23.31,-$33.76,-$50.13,-$19.75,-$47.32,-$61.18,-$78.62,-$86.45,-$49.30,-$47.01,-$99.23,-$79.45,-$84.77,-$44.02,-$71.23,-$32.92,-$44.58,-$65.65,-$63.59,-$62.47,-$161.59,-$42.16,-$86.68,-$77.65,-$25.95,-$46.14,-$104.10,-$22.00,-$72.52,-$45.79,-$42.49,-$46.94,-$41.29,-$71.47,-$19.59,-$58.95,-$94.88,-$39.23,-$41.80,-$76.28,-$74.19,-$42.24,-$47.04,-$49.51,-$69.99,-$55.18,-$26.67,-$85.76,-$85.70,$0.00,-$76.80,-$36.15,-$104.01,-$80.25,-$46.23,-$68.04,-$45.31,-$43.06,-$92.22,-$42.79,-$78.46,-$55.56,-$139.47,-$50.01,-$70.37,-$70.54,-$92.25,-$129.64,-$71.25,-$89.94,-$42.68,-$67.89,-$117.52,-$24.42,-$94.80,-$90.00,-$62.97,-$84.20,-$67.28,-$57.92,-$117.92,-$86.94,-$73.29,-$61.57,-$65.45,-$109.32,-$39.26,-$112.57,-$77.16,-$16.58,-$143.46,$0.00,-$54.42,-$166.37,-$287.52,-$116.12,-$157.37,-$79.29,-$52.58,-$92.15,-$32.67,-$59.70,-$326.01,-$53.74,-$53.61,-$24.69,-$39.32,-$131.92,-$43.66,-$59.18,-$45.19,-$23.30,-$24.35,-$57.87,-$117.78,-$46.36,-$156.15,-$72.70,-$19.96,-$21.44,-$36.47,-$42.76,-$69.38,-$108.80,-$112.87,-$16.93,-$63.82,-$56.51,-$54.29,-$122.88,-$132.03,-$71.73,-$22.54,-$77.24,-$48.67,-$84.48,-$90.69,-$187.77,-$279.29,-$148.21,-$96.24,-$35.99,-$70.98,-$55.58,-$140.47,-$150.58,-$160.56,-$0.10,$0.00,$0.00,$0.00,$0.00,$0.00,$0.00,$0.00,$0.00,$0.00,$0.00,$0.00,$0.00,$0.00,$0.00,$0.00,$0.00,$0.00,$0.00,$0.00,$0.00,$0.00,$0.00,$0.00
Net Sales,"$2,126.27","$2,155.14","$2,212.49","$3,422.91","$3,232.22","$4,714.96","$3,177.86","$2,141.53","$1,722.03","$2,749.70","$2,944.08","$3,828.66","$4,700.08","$2,928.84","$1,947.64","$2,619.45","$2,561.05","$3,075.49","$3,952.81","$4,898.73","$3,836.63","$1,567.07","$2,050.11","$2,716.90","$3,039.39","$3,724.65","$5,546.90","$3,133.14","$2,504.87","$2,495.39","$3,528.15","$2,741.45","$3,773.12","$4,884.52","$3,970.46","$2,115.46","$2,441.35","$2,688.01","$3,084.85","$4,372.42","$5,253.05","$3,371.66","$3,007.70","$3,111.32","$3,926.54","$2,131.34","$4,119.92","$4,657.31","$3,235.21","$3,939.24","$2,223.27","$3,786.44","$2,592.77","$3,941.13","$4,682.91","$4,010.06","$3,241.82","$2,264.42","$3,679.74","$2,649.68","$3,812.21","$5,595.67","$3,910.51","$2,715.02","$3,335.23","$2,727.21","$3,869.27","$4,419.63","$4,549.17","$3,595.11","$2,566.28","$3,567.61","$3,821.66","$2,766.77","$4,613.95","$5,000.56","$4,068.15","$2,592.29","$3,101.97","$2,614.53","$3,211.13","$3,891.53","$5,154.04","$3,983.82","$3,724.79","$2,801.64","$3,704.63","$4,255.77","$5,334.23","$4,754.14","$2,818.81",$676.50,"$2,783.29","$3,005.84","$3,295.31","$4,457.35","$4,394.80","$3,929.92","$3,755.03","$2,708.12","$3,786.46","$3,191.86","$3,993.21","$5,063.82","$4,145.43","$3,706.77","$4,153.36","$3,537.37","$3,191.48","$4,943.53","$5,713.99","$4,647.90","$3,167.32","$3,136.99","$3,251.22","$3,893.33","$5,169.63","$5,836.68","$3,893.07","$3,741.35","$3,097.87","$3,625.98","$3,942.29","$4,643.73","$5,629.76","$4,150.53","$3,020.92","$3,246.84","$3,732.39","$4,024.67","$5,171.49","$6,599.70","$4,842.91","$4,448.55","$3,764.82","$3,191.10","$4,577.70","$5,143.66","$5,462.50","$4,673.50","$3,902.37","$4,401.33","$3,230.89","$3,594.75","$4,339.11","$5,473.34","$4,429.92","$3,350.21","$4,126.16","$3,334.98","$4,507.53","$4,074.48","$6,174.09","$3,850.05","$2,717.79","$2,839.52","$3,379.86","$3,620.10","$4,893.59","$4,990.25","$3,727.28",$0.00,"$3,700.79","$3,744.86","$4,099.26","$5,613.44","$5,886.21","$5,781.66","$3,648.37","$3,054.06","$3,440.72","$3,802.74","$3,265.50","$5,488.07","$3,691.96","$3,504.37","$4,958.83","$4,030.24","$3,933.11","$4,793.36","$4,806.05","$3,215.91",$0.00,"$3,226.22","$3,670.80","$3,584.89","$4,338.47","$5,059.91","$3,274.91","$2,580.87","$3,286.05","$2,732.56","$3,374.02","$3,833.09","$5,003.69","$4,368.31","$2,566.30","$3,561.88","$3,466.16","$3,150.62","$3,833.68","$4,813.02","$4,489.72","$2,698.67","$3,277.56","$3,093.71","$3,939.87","$4,817.28","$4,388.23","$4,078.21","$2,907.05","$2,954.05","$3,077.00","$3,234.75","$4,195.42","$4,420.44","$2,555.74","$2,721.31","$2,500.38","$2,787.23","$3,158.97","$3,711.20","$5,017.45","$2,485.18","$2,984.62","$3,228.59","$4,511.30","$3,993.24","$3,994.52","$4,857.12","$3,465.06","$2,509.83","$2,907.24","$3,305.47","$3,965.06","$4,482.95","$5,303.59","$3,177.31","$2,615.74","$3,045.50","$3,388.57","$3,347.35","$4,237.56","$4,999.97","$3,984.81",$0.00,"$3,184.44","$3,202.44","$3,153.13","$4,302.38","$5,521.02","$4,074.43","$3,365.04","$3,443.46","$3,077.29","$3,041.44","$4,065.35","$5,030.71","$3,732.23","$3,179.98","$2,877.61","$3,397.41","$3,905.78","$4,634.36","$4,877.49","$4,979.80","$3,277.42","$3,127.84","$3,081.64","$3,429.74","$4,300.88","$4,489.82","$3,979.40","$3,126.11","$3,117.42","$3,275.73","$3,652.86","$4,096.88","$5,314.26","$3,122.19","$3,275.21","$3,295.33","$3,344.70","$3,458.16","$4,840.13","$5,153.69","$2,355.40",$0.00,"$2,932.26","$3,236.17","$3,916.94","$3,871.04","$5,273.36","$3,655.66","$2,883.11","$3,180.69","$3,402.68","$3,042.34","$3,961.33","$5,177.90","$3,401.46","$2,837.51","$2,957.95","$3,041.66","$3,130.15","$4,654.88","$5,234.06","$3,978.62","$2,905.18","$2,903.45","$3,109.88","$3,448.96","$4,037.13","$5,682.39","$3,072.32","$2,907.38","$2,909.05","$2,806.24","$3,762.18","$4,023.35","$4,620.77","$4,474.63","$2,682.29","$3,007.80","$2,791.86","$4,316.51","$4,735.75","$4,968.17","$3,332.64","$2,629.25","$2,920.71","$3,063.00","$3,087.62","$4,211.79","$5,371.89","$3,710.10","$2,582.01","$3,648.04","$2,897.88","$2,687.97","$3,314.32","$5,563.57","$4,352.15",$192.40,$0.00,$0.00,$0.00,$0.00,$0.00,$0.00,$0.00,$0.00,$0.00,$0.00,$0.00,$0.00,$0.00,$0.00,$0.00,$0.00,$0.00,$0.00,$0.00,$0.00,$0.00,$0.00,$0.00
Gift Card Sales,$0.00,$0.00,$0.00,$40.00,$0.00,$0.00,$0.00,$0.00,$25.00,$0.00,$0.00,$50.00,$0.00,$25.00,$0.00,$0.00,$35.00,$0.00,$0.00,$30.00,$0.00,$0.00,$0.00,$0.00,$0.00,$50.00,$0.00,$0.00,$0.00,$50.00,$50.00,$0.00,$40.00,$0.00,$0.00,$50.00,$0.00,$0.00,$20.00,$125.00,$0.00,$0.00,$0.00,$50.00,$50.00,$0.00,$0.00,$0.00,$0.00,$0.00,$0.00,$0.00,$0.00,$0.00,$50.00,$100.00,$150.00,$0.00,$0.00,$0.00,$20.00,$200.00,$0.00,$0.00,$0.00,$0.00,$0.00,$0.00,$25.00,$0.00,$25.00,$20.00,$30.00,$0.00,$0.00,$0.00,$0.00,$0.00,$30.00,$0.00,$0.00,$0.00,$0.00,$0.00,$0.00,$0.00,$0.00,$30.00,$0.00,$20.00,$20.00,$0.00,$0.00,$0.00,$0.00,$0.00,$0.00,$0.00,$0.00,$0.00,$25.00,$0.00,$0.00,$0.00,$0.00,$0.00,$20.00,$0.00,$0.00,$0.00,$0.00,$0.00,$0.00,$0.00,$0.00,$0.00,$0.00,$0.00,$25.00,$0.00,$0.00,$0.00,$0.00,$50.00,$0.00,$0.00,$25.00,$0.00,$25.00,$50.00,$25.00,$25.00,$0.00,$0.00,$0.00,$0.00,$0.00,$0.00,$50.00,$0.00,$0.00,$0.00,$0.00,$30.00,$0.00,$0.00,$50.00,$30.00,$0.00,$0.00,$0.00,$0.00,$0.00,$0.00,$0.00,$0.00,$0.00,$0.00,$0.00,$60.00,$0.00,$0.00,$75.00,$0.00,$120.00,$0.00,$40.00,$50.00,$0.00,$0.00,$260.00,$25.00,$90.00,$95.00,$30.00,$0.00,$280.00,$110.00,$0.00,$0.00,$0.00,$45.00,$0.00,$20.00,$150.00,$0.00,$0.00,$0.00,$0.00,$0.00,$25.00,$200.00,$0.00,$0.00,$0.00,$0.00,$0.00,$0.00,$50.00,$50.00,$0.00,$0.00,$0.00,$0.00,$100.00,$0.00,$0.00,$0.00,$0.00,$0.00,$0.00,$0.00,$0.00,$0.00,$0.00,$50.00,$0.00,$0.00,$0.00,$30.00,$0.00,$0.00,$100.00,$0.00,$0.00,$0.00,$0.00,$0.00,$0.00,$0.00,$90.00,$20.00,$0.00,$0.00,$0.00,$0.00,$60.00,$0.00,$0.00,$0.00,$0.00,$40.00,$40.00,$0.00,$0.00,$0.00,$0.00,$0.00,$0.00,$0.00,$50.00,$0.00,$40.00,$100.00,$0.00,$100.00,$0.00,$0.00,$0.00,$0.00,$100.00,$0.00,$0.00,$40.00,$20.00,$20.00,$0.00,$0.00,$0.00,$30.00,$0.00,$0.00,$0.00,$25.00,$0.00,$50.00,$0.00,$0.00,$0.00,$120.00,$50.00,$40.00,$0.00,$0.00,$75.00,$0.00,$0.00,$0.00,$0.00,$0.00,$0.00,$50.00,$30.00,$0.00,$15.00,$0.00,$50.00,$0.00,$50.00,$30.00,$0.00,$0.00,$0.00,$0.00,$125.00,$250.00,$0.00,$0.00,$0.00,$20.00,$0.00,$0.00,$0.00,$30.00,$0.00,$0.00,$0.00,$0.00,$0.00,$0.00,$30.00,$0.00,$50.00,$0.00,$260.00,$100.00,$0.00,$50.00,$0.00,$165.00,$0.00,$90.00,$0.00,$15.00,$220.00,$0.00,$0.00,$80.00,$25.00,$140.00,$0.00,$40.00,$0.00,$0.00,$0.00,$0.00,$0.00,$0.00,$0.00,$0.00,$0.00,$0.00,$0.00,$0.00,$0.00,$0.00,$0.00,$0.00,$0.00,$0.00,$0.00,$0.00,$0.00,$0.00,$0.00,$0.00,$0.00
Tax,$220.96,$205.10,$203.32,$263.61,$285.66,$479.80,$312.82,$223.04,$178.53,$282.09,$290.43,$397.72,$387.62,$299.42,$190.29,$235.95,$255.30,$302.38,$406.08,$475.19,$317.26,$165.25,$200.19,$287.21,$291.20,$375.28,$539.22,$306.72,$241.10,$248.55,$303.00,$280.29,$390.36,$480.07,$393.19,$216.87,$240.49,$297.54,$333.84,$435.01,$544.44,$330.48,$201.82,$330.40,$373.00,$238.55,$442.16,$458.51,$334.48,$367.09,$213.73,$330.89,$273.24,$395.13,$474.95,$401.81,$258.66,$232.38,$330.84,$271.53,$393.82,$458.14,$387.01,$274.06,$366.59,$289.68,$374.77,$431.36,$448.36,$366.04,$250.56,$363.23,$432.46,$290.57,$428.15,$532.04,$425.88,$276.98,$342.99,$267.62,$352.97,$393.53,$500.22,$411.12,$291.77,$294.01,$366.10,$459.48,$505.71,$433.60,$281.30,$0.00,$279.05,$276.19,$346.44,$468.37,$450.73,$420.35,$418.83,$288.81,$401.09,$336.71,$412.90,$496.43,$432.66,$408.51,$377.18,$378.71,$351.34,$522.45,$588.15,$495.51,$313.59,$344.25,$338.56,$405.81,$536.38,$611.94,$394.86,$305.01,$326.25,$374.25,$422.10,$484.59,$616.16,$431.52,$314.02,$359.30,$400.89,$441.40,$556.83,$692.46,$536.46,$382.54,$419.39,$323.98,$499.75,$559.64,$551.37,$518.27,$445.87,$457.94,$352.20,$378.09,$490.63,$577.47,$491.03,$360.40,$438.55,$382.79,$489.43,$445.88,$651.12,$415.64,$294.93,$319.15,$376.57,$398.12,$539.64,$539.89,$376.19,$0.00,$401.42,$396.40,$454.34,$616.52,$638.04,$628.44,$397.56,$337.56,$387.30,$421.01,$344.03,$577.28,$392.78,$370.34,$575.46,$425.42,$423.52,$504.68,$415.39,$306.62,$0.00,$332.91,$353.33,$336.83,$464.02,$490.82,$348.00,$277.30,$354.82,$285.01,$341.29,$406.75,$492.59,$409.15,$270.37,$359.96,$335.59,$328.05,$404.34,$476.05,$496.42,$287.96,$359.29,$331.60,$375.51,$471.78,$427.00,$426.19,$281.47,$295.92,$339.93,$327.49,$412.97,$393.02,$250.03,$275.14,$237.76,$282.25,$333.95,$355.06,$486.64,$252.73,$297.94,$334.66,$370.73,$406.29,$409.12,$445.44,$350.59,$255.28,$281.73,$346.92,$416.59,$458.27,$545.44,$326.18,$272.50,$272.21,$350.36,$378.67,$436.11,$434.11,$400.15,$0.00,$345.17,$349.60,$344.65,$461.90,$526.67,$398.60,$300.11,$351.92,$306.28,$321.77,$393.25,$513.40,$408.78,$326.49,$296.26,$374.35,$422.76,$437.40,$476.21,$453.94,$308.73,$300.58,$297.16,$363.77,$440.23,$452.44,$394.51,$300.37,$319.51,$356.68,$373.77,$412.21,$516.25,$308.10,$316.80,$286.64,$325.70,$368.16,$478.57,$504.31,$205.48,$0.00,$283.66,$317.36,$420.17,$395.52,$531.46,$374.47,$309.06,$319.90,$352.44,$318.15,$361.82,$564.41,$354.62,$292.05,$308.20,$314.16,$344.88,$472.11,$552.92,$401.68,$298.76,$298.50,$310.75,$326.08,$415.24,$592.47,$304.25,$299.53,$301.97,$293.12,$352.70,$394.32,$475.95,$463.77,$270.83,$321.84,$307.73,$356.39,$498.34,$517.75,$333.35,$265.87,$312.39,$284.97,$326.08,$422.73,$531.73,$383.43,$257.23,$364.08,$288.48,$275.64,$340.48,$540.81,$426.92,$24.09,$0.00,$0.00,$0.00,$0.00,$0.00,$0.00,$0.00,$0.00,$0.00,$0.00,$0.00,$0.00,$0.00,$0.00,$0.00,$0.00,$0.00,$0.00,$0.00,$0.00,$0.00,$0.00,$0.00
Tip,$216.90,$161.16,$138.43,$193.84,$210.42,$348.61,$228.06,$152.93,$103.68,$204.38,$187.02,$286.64,$307.93,$223.54,$136.18,$182.19,$165.88,$206.20,$269.53,$327.57,$229.68,$117.85,$161.29,$201.57,$197.52,$250.16,$413.28,$196.46,$185.49,$174.94,$219.06,$245.91,$264.78,$350.30,$264.30,$177.74,$180.42,$143.17,$210.09,$325.72,$379.77,$260.94,$144.81,$231.64,$225.92,$144.20,$290.29,$278.50,$197.86,$298.29,$164.63,$208.85,$199.70,$287.28,$315.74,$286.76,$199.12,$141.95,$200.63,$187.42,$263.66,$326.57,$290.66,$213.58,$243.28,$184.33,$288.80,$272.63,$291.33,$237.40,$167.98,$213.86,$284.73,$211.00,$299.49,$357.96,$295.31,$174.28,$197.58,$118.51,$187.54,$240.04,$281.58,$303.17,$200.83,$180.99,$264.53,$301.30,$428.38,$367.72,$188.37,$0.00,$214.57,$173.98,$236.41,$253.62,$297.09,$270.82,$278.25,$200.78,$254.79,$205.81,$225.24,$350.38,$284.15,$261.26,$233.00,$262.36,$237.95,$346.84,$399.24,$388.71,$177.76,$242.29,$202.60,$231.95,$358.86,$384.95,$256.72,$216.23,$199.23,$227.73,$274.20,$314.71,$432.21,$339.65,$226.52,$225.80,$258.57,$268.67,$384.10,$407.39,$386.47,$224.04,$237.37,$194.60,$276.64,$306.51,$361.58,$383.96,$300.96,$204.93,$204.00,$241.57,$309.19,$300.50,$325.51,$159.61,$253.20,$252.26,$261.58,$306.09,$463.54,$270.66,$165.96,$199.52,$175.09,$247.01,$334.15,$417.37,$250.33,$0.00,$281.21,$251.74,$289.38,$350.72,$411.78,$408.86,$202.58,$221.31,$216.57,$240.89,$226.65,$438.59,$263.75,$207.26,$227.12,$229.83,$240.29,$346.45,$244.31,$221.07,$0.00,$239.02,$209.78,$214.94,$300.49,$348.45,$273.29,$195.17,$241.28,$163.52,$215.42,$237.21,$352.37,$323.51,$169.03,$227.01,$240.73,$207.41,$244.38,$265.52,$345.74,$200.24,$264.38,$230.93,$255.46,$284.89,$342.55,$256.39,$205.20,$200.71,$184.04,$212.67,$287.69,$248.55,$156.87,$208.70,$132.67,$193.29,$172.72,$207.04,$358.91,$199.74,$211.70,$179.14,$234.54,$238.56,$258.29,$308.08,$244.06,$162.43,$176.33,$227.35,$286.94,$299.96,$335.51,$239.19,$177.36,$191.28,$207.36,$203.34,$294.43,$347.57,$251.90,$0.00,$173.03,$196.26,$199.12,$250.27,$370.93,$264.76,$178.51,$204.57,$186.70,$157.45,$213.22,$352.59,$253.90,$184.57,$190.16,$219.96,$242.72,$323.15,$286.28,$290.25,$225.29,$211.37,$167.12,$233.40,$251.48,$325.35,$220.85,$163.67,$167.90,$208.10,$246.49,$230.70,$355.60,$180.53,$203.55,$187.24,$175.60,$213.87,$329.92,$365.90,$200.28,$0.00,$160.97,$176.43,$273.17,$220.81,$358.76,$245.68,$174.18,$212.56,$198.91,$181.34,$181.90,$382.70,$176.17,$182.45,$183.38,$184.94,$225.69,$215.45,$380.72,$234.57,$241.59,$181.41,$179.99,$164.99,$248.52,$388.57,$201.45,$158.12,$147.99,$145.83,$195.39,$224.70,$272.70,$293.98,$179.03,$208.70,$163.26,$233.44,$269.72,$330.22,$195.85,$181.78,$206.18,$161.00,$180.23,$252.49,$338.00,$167.69,$149.04,$193.97,$144.41,$163.85,$204.40,$326.05,$216.50,$12.86,$0.00,$0.00,$0.00,$0.00,$0.00,$0.00,$0.00,$0.00,$0.00,$0.00,$0.00,$0.00,$0.00,$0.00,$0.00,$0.00,$0.00,$0.00,$0.00,$0.00,$0.00,$0.00,$0.00
Refunds by Amount,$0.00,$0.00,$0.00,$0.00,$0.00,$0.00,$0.00,$0.00,$0.00,$0.00,$0.00,$0.00,$0.00,$0.00,$0.00,$0.00,$0.00,$0.00,$0.00,$0.00,$0.00,$0.00,$0.00,$0.00,$0.00,$0.00,$0.00,$0.00,$0.00,$0.00,$0.00,$0.00,$0.00,$0.00,$0.00,$0.00,$0.00,$0.00,$0.00,$0.00,$0.00,$0.00,$0.00,$0.00,$0.00,$0.00,$0.00,$0.00,$0.00,$0.00,$0.00,$0.00,$0.00,$0.00,$0.00,$0.00,$0.00,$0.00,$0.00,$0.00,$0.00,$0.00,$0.00,$0.00,$0.00,$0.00,$0.00,$0.00,$0.00,$0.00,$0.00,$0.00,$0.00,$0.00,$0.00,$0.00,$0.00,$0.00,$0.00,$0.00,$0.00,$0.00,$0.00,$0.00,$0.00,$0.00,$0.00,$0.00,$0.00,$0.00,$0.00,$0.00,$0.00,$0.00,$0.00,$0.00,$0.00,$0.00,$0.00,$0.00,$0.00,$0.00,$0.00,$0.00,$0.00,$0.00,$0.00,$0.00,$0.00,$0.00,$0.00,$0.00,$0.00,$0.00,$0.00,$0.00,$0.00,$0.00,$0.00,$0.00,$0.00,$0.00,$0.00,$0.00,$0.00,$0.00,$0.00,$0.00,$0.00,$0.00,$0.00,$0.00,$0.00,$0.00,-$15.00,$0.00,$0.00,$0.00,$0.00,$0.00,$0.00,$0.00,$0.00,$0.00,$0.00,$0.00,$0.00,$0.00,$0.00,$0.00,$0.00,$0.00,$0.00,$0.00,$0.00,$0.00,$0.00,$0.00,-$3.00,$0.00,$0.00,$0.00,$0.00,$0.00,$0.00,$0.00,$0.00,$0.00,$0.00,$0.00,$0.00,$0.00,$0.00,$0.00,$0.00,$0.00,$0.00,-$94.13,$0.00,$0.00,$0.00,$0.00,$0.00,$0.00,$0.00,$0.00,$0.00,-$14.12,$0.00,$0.00,$0.00,$0.00,$0.00,$0.00,$0.00,$0.00,$0.00,$0.00,$0.00,$0.00,-$3.50,$0.00,$0.00,$0.00,$0.00,$0.00,$0.00,$0.00,$0.00,$0.00,$0.00,$0.00,$0.00,$0.00,$0.00,$0.00,$0.00,$0.00,$0.00,$0.00,$0.00,$0.00,$0.00,$0.00,$0.00,$0.00,$0.00,$0.00,$0.00,$0.00,$0.00,$0.00,$0.00,$0.00,$0.00,$0.00,$0.00,$0.00,$0.00,$0.00,$0.00,$0.00,$0.00,$0.00,$0.00,$0.00,$0.00,$0.00,$0.00,$0.00,$0.00,$0.00,-$24.85,$0.00,$0.00,$0.00,$0.00,$0.00,$0.00,$0.00,$0.00,$0.00,$0.00,$0.00,$0.00,$0.00,$0.00,$0.00,$0.00,$0.00,$0.00,$0.00,$0.00,$0.00,$0.00,$0.00,$0.00,$0.00,$0.00,$0.00,$0.00,$0.00,$0.00,$0.00,$0.00,$0.00,$0.00,$0.00,$0.00,$0.00,$0.00,$0.00,$0.00,$0.00,$0.00,$0.00,$0.00,$0.00,$0.00,$0.00,$0.00,$0.00,$0.00,$0.00,$0.00,$0.00,$0.00,$0.00,$0.00,$0.00,$0.00,$0.00,$0.00,$0.00,$0.00,$0.00,$0.00,$0.00,$0.00,$0.00,$0.00,$0.00,$0.00,$0.00,$0.00,$0.00,$0.00,$0.00,$0.00,$0.00,$0.00,$0.00,$0.00,$0.00,$0.00,$0.00,$0.00,$0.00,$0.00,$0.00,$0.00,$0.00,$0.00,$0.00,$0.00,$0.00,$0.00,$0.00,$0.00,$0.00,$0.00,$0.00,$0.00,$0.00,$0.00,$0.00,$0.00,$0.00,$0.00,$0.00,$0.00,$0.00,$0.00,$0.00,$0.00,$0.00,$0.00
Cash Rounding,$0.02,$0.00,$0.05,$0.03,$0.06,$0.09,$0.07,$0.07,$0.05,$0.02,-$0.07,$0.07,$0.00,$0.05,-$0.07,$0.16,$0.01,$0.03,$0.06,$0.06,$0.02,$0.01,$0.08,$0.09,$0.02,$0.09,$0.05,$0.05,-$0.05,$0.00,$0.02,$0.08,$0.11,-$0.06,$0.06,-$0.05,-$0.05,$0.06,$0.08,$0.09,$0.13,$0.00,$0.07,$0.04,-$0.07,$0.11,$0.02,$0.08,$0.04,-$0.01,$0.08,$0.13,$0.04,-$0.02,-$0.03,$0.00,-$0.04,$0.04,-$0.12,$0.01,-$0.04,$0.06,$0.04,$0.03,$0.01,-$0.02,$0.04,$0.05,$0.00,-$0.11,-$0.04,-$0.03,$0.07,$0.04,$0.12,$0.06,$0.04,$0.06,$0.06,$0.07,$0.12,$0.09,$0.11,$0.03,$0.05,$0.07,$0.15,$0.04,$0.02,$0.06,$0.07,$0.00,-$0.01,$0.02,$0.07,-$0.01,$0.08,$0.09,$0.02,-$0.10,$0.11,$0.12,$0.07,-$0.01,$0.01,-$0.06,$0.08,$0.23,-$0.07,$0.15,$0.08,-$0.02,-$0.13,$0.00,-$0.06,$0.06,-$0.15,$0.04,$0.01,-$0.10,-$0.13,-$0.13,-$0.17,$0.06,-$0.18,$0.03,-$0.01,-$0.04,$0.23,-$0.19,-$0.07,-$0.13,-$0.03,$0.02,-$0.20,$0.06,-$0.12,-$0.05,$0.06,$0.02,$0.09,$0.02,-$0.05,-$0.11,-$0.15,$0.06,-$0.05,-$0.02,-$0.14,$0.01,-$0.18,$0.05,-$0.03,-$0.09,-$0.10,-$0.02,$0.02,-$0.07,-$0.03,-$0.13,$0.05,$0.00,-$0.15,-$0.05,-$0.03,-$0.11,$0.00,-$0.06,$0.06,-$0.08,-$0.12,-$0.12,$0.03,-$0.05,$0.02,-$0.01,-$0.11,-$0.13,-$0.07,-$0.07,-$0.04,-$0.04,$0.00,-$0.03,-$0.06,$0.00,$0.04,$0.08,-$0.02,-$0.03,-$0.03,$0.01,$0.00,$0.11,-$0.07,-$0.10,$0.03,-$0.02,-$0.06,-$0.03,$0.04,-$0.03,-$0.06,-$0.08,-$0.06,-$0.01,$0.04,-$0.07,$0.05,$0.01,-$0.16,-$0.12,$0.01,-$0.10,$0.07,-$0.12,-$0.02,-$0.03,$0.02,-$0.01,-$0.15,-$0.02,-$0.14,-$0.06,-$0.13,-$0.01,-$0.12,$0.02,-$0.04,-$0.02,$0.12,-$0.12,-$0.12,$0.03,-$0.07,-$0.05,$0.06,-$0.04,-$0.06,-$0.03,-$0.06,-$0.06,$0.01,-$0.01,$0.05,$0.00,$0.01,$0.01,-$0.12,$0.04,-$0.07,$0.05,$0.02,-$0.02,-$0.16,-$0.07,$0.08,$0.05,$0.05,-$0.02,-$0.09,-$0.10,-$0.01,-$0.05,-$0.02,-$0.08,-$0.10,$0.01,$0.04,-$0.04,-$0.09,$0.02,-$0.04,-$0.07,$0.00,-$0.11,-$0.09,-$0.06,$0.04,-$0.01,-$0.02,-$0.02,-$0.08,-$0.13,-$0.05,-$0.12,-$0.07,$0.00,-$0.09,$0.01,-$0.02,-$0.06,-$0.11,$0.09,-$0.07,-$0.08,-$0.17,-$0.09,-$0.10,-$0.01,-$0.05,-$0.07,-$0.09,-$0.06,-$0.09,$0.02,-$0.06,-$0.05,-$0.15,$0.07,-$0.03,$0.03,$0.02,-$0.15,$0.02,-$0.01,$0.10,$0.03,-$0.02,-$0.19,$0.02,-$0.02,-$0.15,-$0.11,-$0.01,-$0.06,-$0.02,$0.04,-$0.04,-$0.13,$0.00,$0.01,$0.05,-$0.10,$0.01,$0.01,$0.00,-$0.15,-$0.17,-$0.16,$0.04,-$0.07,$0.08,$0.00,$0.00,$0.00,$0.00,$0.00,$0.00,$0.00,$0.00,$0.00,$0.00,$0.00,$0.00,$0.00,$0.00,$0.00,$0.00,$0.00,$0.00,$0.00,$0.00,$0.00,$0.00,$0.00,$0.00
Total,"$2,564.15","$2,521.40","$2,554.29","$3,920.39","$3,728.36","$5,543.46","$3,718.81","$2,517.57","$2,029.29","$3,236.19","$3,421.46","$4,563.09","$5,395.63","$3,476.85","$2,274.04","$3,037.75","$3,017.24","$3,584.10","$4,628.48","$5,731.55","$4,383.59","$1,850.18","$2,411.67","$3,205.77","$3,528.13","$4,400.18","$6,499.45","$3,636.37","$2,931.41","$2,968.88","$4,100.23","$3,267.73","$4,468.37","$5,714.83","$4,628.01","$2,560.02","$2,862.21","$3,128.78","$3,648.86","$5,258.24","$6,177.39","$3,963.08","$3,354.40","$3,723.40","$4,575.39","$2,514.20","$4,852.39","$5,394.40","$3,767.59","$4,604.61","$2,601.71","$4,326.31","$3,065.75","$4,623.52","$5,523.57","$4,798.63","$3,849.56","$2,638.79","$4,211.09","$3,108.64","$4,489.65","$6,580.44","$4,588.22","$3,202.69","$3,945.11","$3,201.20","$4,532.88","$5,123.67","$5,313.86","$4,198.44","$3,009.78","$4,164.67","$4,568.92","$3,268.38","$5,341.71","$5,890.62","$4,789.38","$3,043.61","$3,672.60","$3,000.73","$3,751.76","$4,525.19","$5,935.95","$4,698.14","$4,217.44","$3,276.71","$4,335.41","$5,046.59","$6,268.34","$5,575.52","$3,308.55",$676.50,"$3,276.90","$3,456.03","$3,878.23","$5,179.33","$5,142.70","$4,621.18","$4,452.13","$3,197.61","$4,467.45","$3,734.50","$4,631.42","$5,910.62","$4,862.25","$4,376.48","$4,783.62","$4,178.67","$3,780.70","$5,812.97","$6,701.46","$5,532.10","$3,658.54","$3,723.53","$3,792.32","$4,531.15","$6,064.72","$6,833.61","$4,569.66","$4,262.49","$3,623.22","$4,227.83","$4,638.42","$5,493.09","$6,677.95","$4,921.73","$3,586.45","$3,831.90","$4,417.08","$4,784.55","$6,137.35","$7,724.42","$5,765.81","$5,055.15","$4,406.38","$3,709.74","$5,353.97","$6,009.76","$6,425.51","$5,575.75","$4,649.29","$5,064.22","$3,787.04","$4,244.30","$5,138.78","$6,351.37","$5,296.41","$3,900.20","$4,817.77","$3,970.04","$5,258.36","$4,826.50","$7,288.72","$4,536.26","$3,178.58","$3,358.17","$3,931.54","$4,265.16","$5,764.35","$6,007.38","$4,353.85",$0.00,"$4,458.27","$4,392.95","$4,962.95","$6,580.57","$6,976.03","$6,868.90","$4,248.57","$3,612.85","$4,304.47","$4,489.52","$3,926.21","$6,598.89","$4,378.51","$4,081.96","$6,041.30","$4,701.23","$4,596.85","$5,644.42","$5,465.71","$3,788.56",$0.00,"$3,818.12","$4,383.85","$4,136.66","$5,103.02","$5,885.14","$3,896.18","$3,053.31","$3,907.12","$3,381.10","$3,930.73","$4,477.16","$5,848.58","$5,100.87","$3,005.73","$4,148.83","$4,092.42","$3,736.05","$4,478.94","$5,554.56","$5,331.82","$3,186.79","$4,001.17","$3,656.23","$4,570.88","$5,573.88","$5,157.83","$4,760.80","$3,393.56","$3,450.56","$3,600.98","$3,774.81","$4,896.15","$5,111.89","$2,962.62","$3,205.12","$2,870.83","$3,292.76","$3,665.49","$4,273.28","$5,962.86","$2,937.59","$3,494.13","$3,742.38","$5,116.45","$4,638.11","$4,661.89","$5,610.62","$4,149.83","$2,947.42","$3,365.18","$3,879.77","$4,668.52","$5,241.13","$6,244.60","$3,742.64","$3,065.54","$3,508.96","$3,946.23","$3,969.30","$5,008.11","$5,781.64","$4,636.91",$0.00,"$3,702.65","$3,748.31","$3,696.78","$5,014.59","$6,468.55","$4,737.84","$3,858.83","$4,099.93","$3,570.11","$3,620.59","$4,671.90","$5,896.75","$4,394.96","$3,691.02","$3,463.94","$3,991.62","$4,571.25","$5,434.86","$5,659.96","$5,743.91","$3,811.34","$3,639.80","$3,545.96","$4,056.87","$4,992.50","$5,267.63","$4,594.72","$3,615.08","$3,604.83","$3,890.40","$4,273.03","$4,739.73","$6,186.15","$3,730.81","$3,845.54","$3,809.19","$3,845.92","$4,040.06","$5,723.57","$6,023.78","$2,761.09",$0.00,"$3,376.80","$3,729.97","$4,610.26","$4,537.31","$6,193.47","$4,275.90","$3,381.28","$3,713.07","$4,003.86","$3,541.74","$4,554.95","$6,155.00","$3,932.20","$3,311.94","$3,449.44","$3,540.70","$3,825.63","$5,592.46","$6,167.64","$4,614.82","$3,445.38","$3,403.43","$3,600.59","$3,940.06","$4,700.91","$6,693.28","$3,578.04","$3,365.02","$3,359.11","$3,245.22","$4,310.25","$4,642.18","$5,399.44","$5,232.36","$3,182.00","$3,538.23","$3,522.84","$5,006.28","$5,503.79","$5,866.18","$3,861.80","$3,241.77","$3,439.28","$3,598.98","$3,593.98","$4,901.91","$6,461.63","$4,261.23","$2,988.28","$4,285.94","$3,355.60","$3,267.30","$3,859.24","$6,470.36","$4,995.65",$229.35,$0.00,$0.00,$0.00,$0.00,$0.00,$0.00,$0.00,$0.00,$0.00,$0.00,$0.00,$0.00,$0.00,$0.00,$0.00,$0.00,$0.00,$0.00,$0.00,$0.00,$0.00,$0.00,$0.00

Payments
Total Collected,"$2,564.15","$2,521.40","$2,554.29","$3,920.39","$3,728.36","$5,543.46","$3,718.81","$2,517.57","$2,029.29","$3,236.19","$3,421.46","$4,563.09","$5,395.63","$3,476.85","$2,274.04","$3,037.75","$3,017.24","$3,584.10","$4,628.48","$5,731.55","$4,383.59","$1,850.18","$2,411.67","$3,205.77","$3,528.13","$4,400.18","$6,499.45","$3,636.37","$2,931.41","$2,968.88","$4,100.23","$3,267.73","$4,468.37","$5,714.83","$4,628.01","$2,560.02","$2,862.21","$3,128.78","$3,648.86","$5,258.24","$6,177.39","$3,963.08","$3,354.40","$3,723.40","$4,575.39","$2,514.20","$4,852.39","$5,394.40","$3,767.59","$4,604.61","$2,601.71","$4,326.31","$3,065.75","$4,623.52","$5,523.57","$4,798.63","$3,849.56","$2,638.79","$4,211.09","$3,108.64","$4,489.65","$6,580.44","$4,588.22","$3,202.69","$3,945.11","$3,201.20","$4,532.88","$5,123.67","$5,313.86","$4,198.44","$3,009.78","$4,164.67","$4,568.92","$3,268.38","$5,341.71","$5,890.62","$4,789.38","$3,043.61","$3,672.60","$3,000.73","$3,751.76","$4,525.19","$5,935.95","$4,698.14","$4,217.44","$3,276.71","$4,335.41","$5,046.59","$6,268.34","$5,575.52","$3,308.55",$676.50,"$3,276.90","$3,456.03","$3,878.23","$5,179.33","$5,142.70","$4,621.18","$4,452.13","$3,197.61","$4,467.45","$3,734.50","$4,631.42","$5,910.62","$4,862.25","$4,376.48","$4,783.62","$4,178.67","$3,780.70","$5,812.97","$6,701.46","$5,532.10","$3,658.54","$3,723.53","$3,792.32","$4,531.15","$6,064.72","$6,833.61","$4,569.66","$4,262.49","$3,623.22","$4,227.83","$4,638.42","$5,493.09","$6,677.95","$4,921.73","$3,586.45","$3,831.90","$4,417.08","$4,784.55","$6,137.35","$7,724.42","$5,765.81","$5,055.15","$4,406.38","$3,709.74","$5,353.97","$6,009.76","$6,425.51","$5,575.75","$4,649.29","$5,064.22","$3,787.04","$4,244.30","$5,138.78","$6,351.37","$5,296.41","$3,900.20","$4,817.77","$3,970.04","$5,258.36","$4,826.50","$7,288.72","$4,536.26","$3,178.58","$3,358.17","$3,931.54","$4,265.16","$5,764.35","$6,007.38","$4,353.85",$0.00,"$4,458.27","$4,392.95","$4,962.95","$6,580.57","$6,976.03","$6,868.90","$4,248.57","$3,612.85","$4,304.47","$4,489.52","$3,926.21","$6,598.89","$4,378.51","$4,081.96","$6,041.30","$4,701.23","$4,596.85","$5,644.42","$5,465.71","$3,788.56",$0.00,"$3,818.12","$4,383.85","$4,136.66","$5,103.02","$5,885.14","$3,896.18","$3,053.31","$3,907.12","$3,381.10","$3,930.73","$4,477.16","$5,848.58","$5,100.87","$3,005.73","$4,148.83","$4,092.42","$3,736.05","$4,478.94","$5,554.56","$5,331.82","$3,186.79","$4,001.17","$3,656.23","$4,570.88","$5,573.88","$5,157.83","$4,760.80","$3,393.56","$3,450.56","$3,600.98","$3,774.81","$4,896.15","$5,111.89","$2,962.62","$3,205.12","$2,870.83","$3,292.76","$3,665.49","$4,273.28","$5,962.86","$2,937.59","$3,494.13","$3,742.38","$5,116.45","$4,638.11","$4,661.89","$5,610.62","$4,149.83","$2,947.42","$3,365.18","$3,879.77","$4,668.52","$5,241.13","$6,244.60","$3,742.64","$3,065.54","$3,508.96","$3,946.23","$3,969.30","$5,008.11","$5,781.64","$4,636.91",$0.00,"$3,702.65","$3,748.31","$3,696.78","$5,014.59","$6,468.55","$4,737.84","$3,858.83","$4,099.93","$3,570.11","$3,620.59","$4,671.90","$5,896.75","$4,394.96","$3,691.02","$3,463.94","$3,991.62","$4,571.25","$5,434.86","$5,659.96","$5,743.91","$3,811.34","$3,639.80","$3,545.96","$4,056.87","$4,992.50","$5,267.63","$4,594.72","$3,615.08","$3,604.83","$3,890.40","$4,273.03","$4,739.73","$6,186.15","$3,730.81","$3,845.54","$3,809.19","$3,845.92","$4,040.06","$5,723.57","$6,023.78","$2,761.09",$0.00,"$3,376.80","$3,729.97","$4,610.26","$4,537.31","$6,193.47","$4,275.90","$3,381.28","$3,713.07","$4,003.86","$3,541.74","$4,554.95","$6,155.00","$3,932.20","$3,311.94","$3,449.44","$3,540.70","$3,825.63","$5,592.46","$6,167.64","$4,614.82","$3,445.38","$3,403.43","$3,600.59","$3,940.06","$4,700.91","$6,693.28","$3,578.04","$3,365.02","$3,359.11","$3,245.22","$4,310.25","$4,642.18","$5,399.44","$5,232.36","$3,182.00","$3,538.23","$3,522.84","$5,006.28","$5,503.79","$5,866.18","$3,861.80","$3,241.77","$3,439.28","$3,598.98","$3,593.98","$4,901.91","$6,461.63","$4,261.23","$2,988.28","$4,285.94","$3,355.60","$3,267.30","$3,859.24","$6,470.36","$4,995.65",$229.35,$0.00,$0.00,$0.00,$0.00,$0.00,$0.00,$0.00,$0.00,$0.00,$0.00,$0.00,$0.00,$0.00,$0.00,$0.00,$0.00,$0.00,$0.00,$0.00,$0.00,$0.00,$0.00,$0.00
Cash,$235.05,$248.75,$417.90,$282.55,$204.30,$623.70,$262.65,$276.20,$231.20,$316.85,$520.60,$319.10,$447.55,$202.45,$329.30,$366.25,$426.45,$309.05,$309.70,$609.05,$318.50,$254.55,$217.50,$366.95,$234.55,$388.85,$451.05,$318.80,$386.30,$352.00,$374.55,$275.25,$421.90,$328.45,$235.65,$246.40,$546.45,$474.15,$393.85,$392.90,$617.30,$228.55,$295.55,$310.85,$346.25,$374.85,$292.80,$459.45,$498.75,$171.50,$269.95,$292.25,$437.60,$525.20,$434.20,$456.75,$342.10,$376.35,$448.60,$309.60,$463.40,$344.70,$405.80,$368.50,$242.95,$429.25,$312.80,$457.70,$429.05,$296.75,$234.95,$353.00,$242.45,$285.70,$433.35,$484.45,$179.30,$339.65,$477.60,$640.05,$387.00,$372.25,$394.85,$190.75,$498.90,$389.95,$273.45,$506.20,$357.80,$229.55,$266.25,$0.00,$328.05,$255.50,$324.40,$357.00,$337.55,$246.15,$312.45,$397.05,$366.00,$386.65,$409.30,$512.40,$326.75,$500.00,$335.50,$375.35,$257.30,$630.75,$214.50,$252.35,$277.10,$363.65,$276.55,$515.80,$467.45,$559.05,$180.60,$378.10,$505.65,$410.10,$430.65,$328.45,$462.20,$272.20,$460.60,$359.15,$501.25,$505.90,$429.55,$583.50,$515.10,$815.70,$448.75,$438.40,$360.65,$430.20,$695.55,$398.75,$378.20,$427.80,$370.50,$455.05,$332.70,$475.05,$433.00,$227.70,$432.80,$302.20,$550.35,$462.95,$384.75,$303.30,$329.85,$258.55,$321.60,$287.05,$434.10,$362.80,$251.80,$0.00,$503.30,$430.60,$366.90,$387.05,$439.90,$200.15,$263.80,$370.70,$349.90,$380.35,$246.10,$617.25,$339.75,$431.65,$499.10,$243.45,$501.30,$400.10,$251.25,$257.10,$0.00,$310.90,$558.65,$323.30,$502.55,$459.95,$314.95,$248.25,$249.00,$100.45,$310.10,$222.65,$536.05,$190.45,$300.40,$287.80,$282.75,$233.40,$291.05,$492.85,$423.55,$318.60,$331.75,$200.35,$368.10,$206.00,$268.35,$175.75,$297.20,$327.70,$381.60,$139.30,$492.50,$436.65,$240.20,$187.70,$334.60,$305.25,$531.75,$173.55,$331.45,$262.90,$328.70,$234.65,$362.05,$406.55,$293.60,$486.00,$444.10,$304.90,$345.10,$231.25,$259.20,$268.15,$392.45,$257.35,$211.75,$368.60,$491.05,$344.30,$317.20,$226.50,$613.30,$0.00,$216.05,$449.15,$283.10,$443.15,$394.70,$282.30,$427.50,$274.45,$277.65,$255.40,$558.70,$299.60,$457.55,$268.25,$485.50,$303.55,$459.90,$227.20,$338.10,$347.30,$286.85,$222.80,$243.05,$321.85,$162.25,$368.55,$417.20,$331.60,$339.15,$272.00,$327.70,$466.90,$293.80,$211.15,$354.60,$222.75,$199.90,$309.40,$342.80,$440.95,$191.00,$0.00,$289.70,$314.95,$268.65,$446.00,$606.30,$214.10,$288.55,$319.45,$290.90,$344.80,$449.70,$234.90,$197.80,$428.45,$369.35,$324.40,$207.45,$612.75,$281.55,$153.90,$249.35,$368.20,$321.15,$339.75,$325.55,$482.45,$290.65,$468.60,$292.75,$237.95,$293.95,$469.35,$313.75,$634.00,$382.25,$211.40,$279.40,$302.25,$393.95,$345.60,$336.10,$243.30,$280.80,$195.15,$237.30,$424.00,$333.05,$330.25,$257.70,$422.10,$457.50,$338.35,$327.10,$462.60,$396.85,$6.10,$0.00,$0.00,$0.00,$0.00,$0.00,$0.00,$0.00,$0.00,$0.00,$0.00,$0.00,$0.00,$0.00,$0.00,$0.00,$0.00,$0.00,$0.00,$0.00,$0.00,$0.00,$0.00,$0.00
Card,"$2,227.37","$2,222.93","$2,120.76","$3,525.04","$3,464.87","$4,834.14","$3,393.39","$2,157.37","$1,798.09","$2,807.53","$2,900.86","$4,226.03","$4,919.58","$3,267.50","$1,944.74","$2,642.91","$2,590.79","$3,260.93","$4,256.91","$5,072.50","$4,030.51","$1,559.38","$2,180.17","$2,822.66","$3,222.88","$3,981.95","$5,969.58","$3,317.57","$2,512.79","$2,616.88","$3,700.72","$2,992.48","$4,039.47","$5,386.38","$4,392.36","$2,313.62","$2,283.44","$2,604.63","$3,255.01","$4,844.16","$5,536.56","$3,734.53","$3,031.85","$3,394.24","$4,212.74","$2,117.91","$4,524.02","$4,934.95","$3,231.05","$4,328.83","$2,331.76","$4,034.06","$2,614.03","$4,082.16","$5,081.37","$4,327.48","$3,506.58","$2,222.39","$3,762.49","$2,799.04","$3,998.00","$6,235.74","$4,182.42","$2,806.46","$3,698.75","$2,739.56","$4,193.19","$4,665.97","$4,884.81","$3,901.69","$2,749.29","$3,811.67","$4,326.47","$2,927.68","$4,908.36","$5,381.17","$4,610.08","$2,678.96","$3,195.00","$2,353.68","$3,364.76","$4,152.94","$5,541.10","$4,497.39","$3,666.31","$2,873.20","$4,061.96","$4,531.91","$5,910.54","$5,337.86","$3,006.14",$676.50,"$2,948.85","$3,200.53","$3,553.83","$4,796.39","$4,805.15","$4,350.03","$4,091.13","$2,800.56","$4,101.45","$3,317.96","$4,211.67","$5,398.22","$4,495.95","$3,856.48","$4,418.12","$3,778.32","$3,504.10","$5,145.84","$6,486.96","$5,279.75","$3,381.44","$3,339.88","$3,515.77","$4,005.04","$5,583.27","$6,245.56","$4,389.06","$3,868.05","$3,109.09","$3,807.73","$4,187.20","$5,154.64","$6,184.78","$4,642.89","$3,125.85","$3,437.57","$3,896.63","$4,268.65","$5,687.18","$7,140.92","$5,239.48","$4,239.45","$3,942.66","$3,256.37","$4,993.32","$5,579.56","$5,729.96","$5,177.00","$4,254.57","$4,626.39","$3,416.54","$3,789.25","$4,792.08","$5,876.32","$4,830.48","$3,672.50","$4,384.97","$3,667.84","$4,708.01","$4,363.55","$6,844.03","$4,212.96","$2,848.73","$3,099.62","$3,609.94","$3,978.11","$5,330.25","$5,644.58","$4,069.12",$0.00,"$3,938.50","$3,962.35","$4,596.05","$6,193.52","$6,536.13","$6,668.75","$3,984.77","$3,242.15","$3,938.10","$4,109.17","$3,665.14","$5,847.66","$4,018.76","$3,650.31","$5,542.20","$4,457.78","$4,087.07","$5,244.32","$5,179.43","$3,487.82",$0.00,"$3,507.22","$3,819.20","$3,798.95","$4,562.33","$5,425.19","$3,574.45","$2,805.06","$3,658.12","$3,280.65","$3,620.63","$4,123.84","$5,297.56","$4,910.42","$2,705.33","$3,847.81","$3,739.70","$3,485.70","$4,143.73","$5,053.71","$4,908.27","$2,868.19","$3,669.42","$3,455.88","$4,155.27","$5,357.85","$4,889.48","$4,585.05","$3,030.89","$3,122.86","$3,219.38","$3,635.51","$4,393.34","$4,675.24","$2,701.86","$3,017.42","$2,536.23","$2,987.51","$3,108.83","$4,099.73","$5,631.41","$2,670.69","$3,165.43","$3,479.62","$4,739.43","$4,184.08","$4,364.29","$5,124.62","$3,688.66","$2,642.52","$3,005.11","$3,599.02","$4,354.71","$4,962.09","$5,852.15","$3,465.29","$2,835.15","$3,140.36","$3,451.57","$3,625.00","$4,666.54","$5,506.31","$4,023.61",$0.00,"$3,486.60","$3,295.45","$3,383.74","$4,550.97","$6,020.14","$4,455.54","$3,428.30","$3,825.48","$3,273.90","$3,365.19","$4,113.20","$5,597.15","$3,917.86","$3,399.83","$2,924.40","$3,675.40","$4,103.54","$5,162.32","$5,321.86","$5,396.61","$3,524.49","$3,417.00","$3,299.30","$3,700.26","$4,759.88","$4,865.82","$4,134.86","$3,280.96","$3,196.47","$3,596.31","$3,917.55","$4,263.50","$5,845.15","$3,519.66","$3,490.94","$3,551.11","$3,646.02","$3,683.49","$5,358.03","$5,582.83","$2,570.09",$0.00,"$3,083.19","$3,390.02","$4,308.68","$4,050.92","$5,587.17","$4,061.80","$3,092.73","$3,393.62","$3,688.24","$3,196.94","$4,105.25","$5,920.10","$3,727.40","$2,860.85","$3,070.39","$3,216.30","$3,618.18","$4,902.57","$5,847.26","$4,460.92","$3,149.41","$2,980.74","$3,276.33","$3,600.31","$4,371.41","$6,170.18","$3,287.39","$2,896.42","$3,062.75","$2,974.34","$4,016.30","$4,162.23","$5,049.48","$4,598.36","$2,799.75","$3,305.85","$3,226.97","$4,704.03","$5,109.84","$5,436.27","$3,525.70","$2,998.47","$3,158.48","$3,380.22","$3,319.68","$4,477.91","$6,094.37","$3,913.76","$2,710.58","$3,863.84","$2,898.10","$2,911.73","$3,495.67","$5,999.76","$4,574.85",$223.25,$0.00,$0.00,$0.00,$0.00,$0.00,$0.00,$0.00,$0.00,$0.00,$0.00,$0.00,$0.00,$0.00,$0.00,$0.00,$0.00,$0.00,$0.00,$0.00,$0.00,$0.00,$0.00,$0.00
Other,$0.00,$0.00,$0.00,$0.00,$0.00,$0.00,$0.00,$0.00,$0.00,$0.00,$0.00,$0.00,$0.00,$0.00,$0.00,$0.00,$0.00,$0.00,$0.00,$0.00,$0.00,$0.00,$0.00,$0.00,$0.00,$0.00,$0.00,$0.00,$0.00,$0.00,$0.00,$0.00,$0.00,$0.00,$0.00,$0.00,$0.00,$0.00,$0.00,$0.00,$0.00,$0.00,$0.00,$0.00,$0.00,$0.00,$0.00,$0.00,$0.00,$0.00,$0.00,$0.00,$0.00,$0.00,$0.00,$0.00,$0.00,$0.00,$0.00,$0.00,$0.00,$0.00,$0.00,$0.00,$0.00,$0.00,$0.00,$0.00,$0.00,$0.00,$0.00,$0.00,$0.00,$0.00,$0.00,$0.00,$0.00,$0.00,$0.00,$0.00,$0.00,$0.00,$0.00,$0.00,$0.00,$0.00,$0.00,$0.00,$0.00,$0.00,$0.00,$0.00,$0.00,$0.00,$0.00,$0.00,$0.00,$0.00,$0.00,$0.00,$0.00,$0.00,$0.00,$0.00,$0.00,$0.00,$0.00,$0.00,$0.00,$0.00,$0.00,$0.00,$0.00,$0.00,$0.00,$0.00,$0.00,$0.00,$0.00,$0.00,$0.00,$0.00,$0.00,$0.00,$0.00,$0.00,$0.00,$0.00,$0.00,$0.00,$0.00,$0.00,$0.00,$0.00,$0.00,$0.00,$0.00,$0.00,$0.00,$0.00,$0.00,$0.00,$0.00,$0.00,$0.00,$0.00,$0.00,$0.00,$0.00,$0.00,$0.00,$0.00,$0.00,$0.00,$0.00,$0.00,$0.00,$0.00,$0.00,$0.00,$0.00,$0.00,$0.00,$0.00,$0.00,$0.00,$0.00,$0.00,$0.00,$0.00,$0.00,$0.00,$0.00,$0.00,$0.00,$0.00,$0.00,$0.00,$0.00,$0.00,$0.00,$0.00,$0.00,$0.00,$0.00,$0.00,$0.00,$0.00,$0.00,$0.00,$0.00,$0.00,$0.00,$0.00,$0.00,$0.00,$0.00,$0.00,$0.00,$0.00,$0.00,$0.00,$0.00,$0.00,$0.00,$0.00,$0.00,$0.00,$0.00,$0.00,$0.00,$0.00,$0.00,$0.00,$0.00,$0.00,$0.00,$0.00,$0.00,$0.00,$0.00,$0.00,$0.00,$0.00,$0.00,$0.00,$0.00,$0.00,$0.00,$0.00,$0.00,$0.00,$0.00,$0.00,$0.00,$0.00,$0.00,$0.00,$0.00,$0.00,$0.00,$0.00,$0.00,$0.00,$0.00,$0.00,$0.00,$0.00,$0.00,$0.00,$0.00,$0.00,$0.00,$0.00,$0.00,$0.00,$0.00,$0.00,$0.00,$0.00,$0.00,$0.00,$0.00,$0.00,$0.00,$0.00,$0.00,$0.00,$0.00,$0.00,$0.00,$0.00,$0.00,$0.00,$0.00,$0.00,$0.00,$0.00,$0.00,$0.00,$0.00,$0.00,$0.00,$0.00,$0.00,$0.00,$0.00,$0.00,$0.00,$0.00,$0.00,$0.00,$0.00,$0.00,$0.00,$0.00,$0.00,$0.00,$0.00,$0.00,$0.00,$0.00,$0.00,$0.00,$0.00,$0.00,$0.00,$0.00,$0.00,$0.00,$0.00,$0.00,$0.00,$0.00,$0.00,$0.00,$0.00,$0.00,$0.00,$0.00,$0.00,$0.00,$0.00,$0.00,$0.00,$0.00,$0.00,$0.00,$0.00,$0.00,$0.00,$0.00,$0.00,$0.00,$0.00,$0.00,$0.00,$0.00,$0.00,$0.00,$0.00,$0.00,$0.00,$0.00,$0.00,$0.00,$0.00,$0.00,$0.00,$0.00,$0.00,$0.00,$0.00,$0.00,$0.00,$0.00,$0.00,$0.00,$0.00,$0.00,$0.00,$0.00,$0.00,$0.00,$0.00,$0.00,$0.00
Gift Card,$101.73,$49.72,$15.63,$112.80,$59.19,$85.62,$62.77,$84.00,$0.00,$111.81,$0.00,$17.96,$28.50,$6.90,$0.00,$28.59,$0.00,$14.12,$61.87,$50.00,$34.58,$36.25,$14.00,$16.16,$70.70,$29.38,$78.82,$0.00,$32.32,$0.00,$24.96,$0.00,$7.00,$0.00,$0.00,$0.00,$32.32,$50.00,$0.00,$21.18,$23.53,$0.00,$27.00,$18.31,$16.40,$21.44,$35.57,$0.00,$37.79,$104.28,$0.00,$0.00,$14.12,$16.16,$8.00,$14.40,$0.88,$40.05,$0.00,$0.00,$28.25,$0.00,$0.00,$27.73,$3.41,$32.39,$26.89,$0.00,$0.00,$0.00,$25.54,$0.00,$0.00,$55.00,$0.00,$25.00,$0.00,$25.00,$0.00,$7.00,$0.00,$0.00,$0.00,$10.00,$52.23,$13.56,$0.00,$8.48,$0.00,$8.11,$36.16,$0.00,$0.00,$0.00,$0.00,$25.94,$0.00,$25.00,$48.55,$0.00,$0.00,$29.89,$10.45,$0.00,$39.55,$20.00,$30.00,$25.00,$19.30,$36.38,$0.00,$0.00,$0.00,$20.00,$0.00,$10.31,$14.00,$29.00,$0.00,$16.34,$8.48,$10.00,$20.57,$10.00,$30.97,$6.64,$0.00,$35.18,$19.20,$10.00,$20.62,$0.00,$11.23,$0.00,$14.97,$14.97,$0.00,$0.00,$0.00,$0.00,$16.52,$10.03,$0.00,$0.00,$14.00,$0.00,$32.93,$0.00,$0.00,$0.00,$0.00,$0.00,$59.94,$20.00,$0.00,$0.00,$0.00,$0.00,$0.00,$0.00,$32.93,$0.00,$16.47,$0.00,$0.00,$0.00,$0.00,$0.00,$0.00,$0.00,$16.47,$0.00,$14.97,$133.98,$20.00,$0.00,$0.00,$0.00,$8.48,$0.00,$35.03,$43.64,$0.00,$0.00,$6.00,$14.41,$38.14,$0.00,$6.78,$0.00,$0.00,$0.00,$0.00,$130.67,$14.97,$0.00,$0.00,$13.22,$69.97,$16.95,$44.16,$8.00,$0.00,$0.00,$0.00,$0.00,$47.51,$10.03,$0.00,$0.00,$65.47,$0.00,$0.00,$0.00,$10.31,$0.00,$20.56,$0.00,$0.00,$0.00,$24.91,$0.00,$0.00,$4.00,$0.00,$28.11,$14.97,$47.48,$4.00,$0.00,$17.07,$0.00,$14.97,$49.50,$54.61,$10.89,$0.00,$20.00,$18.64,$0.00,$3.61,$0.00,$24.37,$48.83,$0.00,$0.00,$0.00,$3.71,$29.94,$20.47,$53.71,$0.00,$3.03,$0.00,$18.56,$0.00,$0.00,$0.00,$19.55,$22.94,$54.04,$12.67,$7.81,$45.34,$0.00,$0.00,$0.00,$0.00,$3.61,$34.76,$70.37,$33.26,$42.66,$2.52,$69.21,$22.09,$27.78,$9.33,$47.20,$0.00,$0.00,$35.33,$0.00,$47.17,$22.74,$0.00,$0.00,$0.00,$3.91,$25.00,$32.93,$40.39,$0.00,$0.00,$0.00,$0.00,$24.72,$0.00,$0.00,$0.00,$7.00,$22.64,$9.70,$0.00,$0.00,$77.14,$38.83,$0.00,$46.62,$54.49,$3.11,$0.00,$3.95,$40.65,$0.00,$0.00,$3.61,$32.93,$0.00,$10.60,$36.21,$0.00,$0.00,$20.98,$16.47,$0.00,$0.00,$84.31,$0.00,$0.00,$0.00,$23.61,$37.00,$0.00,$34.21,$17.22,$20.00,$0.00,$0.00,$17.22,$36.47,$8.00,$23.95,$0.00,$0.00,$0.00,$0.00,$0.00,$0.00,$0.00,$0.00,$0.00,$0.00,$0.00,$0.00,$0.00,$0.00,$0.00,$0.00,$0.00,$0.00,$0.00,$0.00,$0.00,$0.00,$0.00,$0.00
Fees,-$41.85,-$45.27,-$44.18,-$76.68,-$72.09,-$98.30,-$67.90,-$43.89,-$33.24,-$57.00,-$62.80,-$83.72,-$102.85,-$64.62,-$38.51,-$51.87,-$48.90,-$66.62,-$85.85,-$107.10,-$91.25,-$31.19,-$41.61,-$54.38,-$68.60,-$77.97,-$121.77,-$69.28,-$52.12,-$48.91,-$79.80,-$61.64,-$83.51,-$107.07,-$89.89,-$46.33,-$46.02,-$55.64,-$67.13,-$94.77,-$110.50,-$75.15,-$77.77,-$64.35,-$89.65,-$45.10,-$83.62,-$97.07,-$63.89,-$87.38,-$49.85,-$89.73,-$49.02,-$85.52,-$102.18,-$82.52,-$76.86,-$40.92,-$78.70,-$57.36,-$82.45,-$143.24,-$85.93,-$55.38,-$75.31,-$56.00,-$89.45,-$98.17,-$97.24,-$80.01,-$58.60,-$65.60,-$87.48,-$54.07,-$108.15,-$108.09,-$91.24,-$52.57,-$58.85,-$50.50,-$67.80,-$81.00,-$115.54,-$88.54,-$87.00,-$60.38,-$81.77,-$87.41,-$108.87,-$109.90,-$60.60,-$23.60,-$53.04,-$71.81,-$68.61,-$90.81,-$96.51,-$85.45,-$81.84,-$55.84,-$81.87,-$69.79,-$89.69,-$108.18,-$95.72,-$76.58,-$99.02,-$79.23,-$75.83,-$109.34,-$142.60,-$107.04,-$70.14,-$66.89,-$72.27,-$84.95,-$106.83,-$130.87,-$94.07,-$90.10,-$61.71,-$81.94,-$88.64,-$102.59,-$127.40,-$97.36,-$61.44,-$73.02,-$77.99,-$85.30,-$112.83,-$148.34,-$102.59,-$96.97,-$86.38,-$66.94,-$104.37,-$124.04,-$115.71,-$101.83,-$91.12,-$117.85,-$70.03,-$75.19,-$97.23,-$123.97,-$98.39,-$87.13,-$86.37,-$66.77,-$82.52,-$75.85,-$121.32,-$72.33,-$50.02,-$51.68,-$62.73,-$73.08,-$97.48,-$104.59,-$74.13,$0.00,-$69.04,-$70.68,-$82.25,-$114.66,-$115.23,-$121.69,-$77.80,-$58.66,-$72.49,-$79.01,-$68.00,-$101.26,-$73.19,-$68.62,-$117.73,-$84.34,-$73.64,-$92.47,-$88.95,-$59.97,$0.00,-$64.89,-$67.68,-$65.31,-$79.94,-$106.40,-$63.64,-$47.18,-$65.25,-$56.55,-$64.21,-$74.73,-$96.00,-$91.41,-$48.17,-$71.68,-$68.36,-$60.13,-$75.61,-$91.32,-$90.05,-$52.31,-$67.83,-$63.81,-$77.41,-$100.14,-$83.01,-$84.60,-$58.43,-$54.33,-$58.40,-$61.92,-$77.34,-$86.05,-$49.64,-$53.06,-$47.47,-$53.19,-$56.60,-$77.61,-$97.47,-$48.84,-$57.50,-$61.90,-$91.12,-$77.57,-$75.71,-$94.60,-$69.21,-$46.23,-$55.37,-$63.86,-$78.93,-$87.34,-$107.48,-$60.94,-$53.35,-$58.20,-$65.55,-$62.32,-$79.71,-$103.64,-$69.43,$0.00,-$62.87,-$60.91,-$61.75,-$83.15,-$109.47,-$85.94,-$61.98,-$67.85,-$61.23,-$61.08,-$71.71,-$102.46,-$69.97,-$57.72,-$53.34,-$71.99,-$70.09,-$91.85,-$91.66,-$105.60,-$65.43,-$60.78,-$61.69,-$63.40,-$86.43,-$86.13,-$75.58,-$59.12,-$58.25,-$61.52,-$68.47,-$70.67,-$102.91,-$64.79,-$63.77,-$68.59,-$66.92,-$65.05,-$94.82,-$100.86,-$43.60,$0.00,-$55.39,-$60.89,-$76.24,-$73.32,-$99.70,-$72.19,-$57.53,-$59.91,-$67.63,-$53.52,-$78.68,-$105.72,-$67.85,-$52.39,-$54.91,-$59.46,-$62.82,-$89.60,-$103.87,-$83.22,-$58.42,-$49.78,-$60.54,-$69.06,-$76.94,-$112.53,-$62.64,-$54.53,-$54.31,-$56.12,-$76.65,-$75.69,-$86.87,-$75.89,-$52.70,-$60.04,-$57.73,-$88.50,-$88.75,-$97.90,-$61.48,-$52.21,-$56.28,-$58.58,-$56.50,-$82.36,-$101.01,-$68.98,-$45.63,-$65.92,-$48.33,-$53.26,-$64.17,-$106.80,-$81.88,-$4.12,$0.00,$0.00,$0.00,$0.00,$0.00,$0.00,$0.00,$0.00,$0.00,$0.00,$0.00,$0.00,$0.00,$0.00,$0.00,$0.00,$0.00,$0.00,$0.00,$0.00,$0.00,$0.00,$0.00
Net Total,"$2,522.30","$2,476.13","$2,510.11","$3,843.71","$3,656.27","$5,445.16","$3,650.91","$2,473.68","$1,996.05","$3,179.19","$3,358.66","$4,479.37","$5,292.78","$3,412.23","$2,235.53","$2,985.88","$2,968.34","$3,517.48","$4,542.63","$5,624.45","$4,292.34","$1,818.99","$2,370.06","$3,151.39","$3,459.53","$4,322.21","$6,377.68","$3,567.09","$2,879.29","$2,919.97","$4,020.43","$3,206.09","$4,384.86","$5,607.76","$4,538.12","$2,513.69","$2,816.19","$3,073.14","$3,581.73","$5,163.47","$6,066.89","$3,887.93","$3,276.63","$3,659.05","$4,485.74","$2,469.10","$4,768.77","$5,297.33","$3,703.70","$4,517.23","$2,551.86","$4,236.58","$3,016.73","$4,538.00","$5,421.39","$4,716.11","$3,772.70","$2,597.87","$4,132.39","$3,051.28","$4,407.20","$6,437.20","$4,502.29","$3,147.31","$3,869.80","$3,145.20","$4,443.43","$5,025.50","$5,216.62","$4,118.43","$2,951.18","$4,099.07","$4,481.44","$3,214.31","$5,233.56","$5,782.53","$4,698.14","$2,991.04","$3,613.75","$2,950.23","$3,683.96","$4,444.19","$5,820.41","$4,609.60","$4,130.44","$3,216.33","$4,253.64","$4,959.18","$6,159.47","$5,465.62","$3,247.95",$652.90,"$3,223.86","$3,384.22","$3,809.62","$5,088.52","$5,046.19","$4,535.73","$4,370.29","$3,141.77","$4,385.58","$3,664.71","$4,541.73","$5,802.44","$4,766.53","$4,299.90","$4,684.60","$4,099.44","$3,704.87","$5,703.63","$6,558.86","$5,425.06","$3,588.40","$3,656.64","$3,720.05","$4,446.20","$5,957.89","$6,702.74","$4,475.59","$4,172.39","$3,561.51","$4,145.89","$4,549.78","$5,390.50","$6,550.55","$4,824.37","$3,525.01","$3,758.88","$4,339.09","$4,699.25","$6,024.52","$7,576.08","$5,663.22","$4,958.18","$4,320.00","$3,642.80","$5,249.60","$5,885.72","$6,309.80","$5,473.92","$4,558.17","$4,946.37","$3,717.01","$4,169.11","$5,041.55","$6,227.40","$5,198.02","$3,813.07","$4,731.40","$3,903.27","$5,175.84","$4,750.65","$7,167.40","$4,463.93","$3,128.56","$3,306.49","$3,868.81","$4,192.08","$5,666.87","$5,902.79","$4,279.72",$0.00,"$4,389.23","$4,322.27","$4,880.70","$6,465.91","$6,860.80","$6,747.21","$4,170.77","$3,554.19","$4,231.98","$4,410.51","$3,858.21","$6,497.63","$4,305.32","$4,013.34","$5,923.57","$4,616.89","$4,523.21","$5,551.95","$5,376.76","$3,728.59",$0.00,"$3,753.23","$4,316.17","$4,071.35","$5,023.08","$5,778.74","$3,832.54","$3,006.13","$3,841.87","$3,324.55","$3,866.52","$4,402.43","$5,752.58","$5,009.46","$2,957.56","$4,077.15","$4,024.06","$3,675.92","$4,403.33","$5,463.24","$5,241.77","$3,134.48","$3,933.34","$3,592.42","$4,493.47","$5,473.74","$5,074.82","$4,676.20","$3,335.13","$3,396.23","$3,542.58","$3,712.89","$4,818.81","$5,025.84","$2,912.98","$3,152.06","$2,823.36","$3,239.57","$3,608.89","$4,195.67","$5,865.39","$2,888.75","$3,436.63","$3,680.48","$5,025.33","$4,560.54","$4,586.18","$5,516.02","$4,080.62","$2,901.19","$3,309.81","$3,815.91","$4,589.59","$5,153.79","$6,137.12","$3,681.70","$3,012.19","$3,450.76","$3,880.68","$3,906.98","$4,928.40","$5,678.00","$4,567.48",$0.00,"$3,639.78","$3,687.40","$3,635.03","$4,931.44","$6,359.08","$4,651.90","$3,796.85","$4,032.08","$3,508.88","$3,559.51","$4,600.19","$5,794.29","$4,324.99","$3,633.30","$3,410.60","$3,919.63","$4,501.16","$5,343.01","$5,568.30","$5,638.31","$3,745.91","$3,579.02","$3,484.27","$3,993.47","$4,906.07","$5,181.50","$4,519.14","$3,555.96","$3,546.58","$3,828.88","$4,204.56","$4,669.06","$6,083.24","$3,666.02","$3,781.77","$3,740.60","$3,779.00","$3,975.01","$5,628.75","$5,922.92","$2,717.49",$0.00,"$3,321.41","$3,669.08","$4,534.02","$4,463.99","$6,093.77","$4,203.71","$3,323.75","$3,653.16","$3,936.23","$3,488.22","$4,476.27","$6,049.28","$3,864.35","$3,259.55","$3,394.53","$3,481.24","$3,762.81","$5,502.86","$6,063.77","$4,531.60","$3,386.96","$3,353.65","$3,540.05","$3,871.00","$4,623.97","$6,580.75","$3,515.40","$3,310.49","$3,304.80","$3,189.10","$4,233.60","$4,566.49","$5,312.57","$5,156.47","$3,129.30","$3,478.19","$3,465.11","$4,917.78","$5,415.04","$5,768.28","$3,800.32","$3,189.56","$3,383.00","$3,540.40","$3,537.48","$4,819.55","$6,360.62","$4,192.25","$2,942.65","$4,220.02","$3,307.27","$3,214.04","$3,795.07","$6,363.56","$4,913.77",$225.23,$0.00,$0.00,$0.00,$0.00,$0.00,$0.00,$0.00,$0.00,$0.00,$0.00,$0.00,$0.00,$0.00,$0.00,$0.00,$0.00,$0.00,$0.00,$0.00,$0.00,$0.00,$0.00,$0.00
