Sales,01/01/2023,01/02/2023,01/03/2023,01/04/2023,01/05/2023,01/06/2023,01/07/2023,01/08/2023,01/09/2023,01/10/2023,01/11/2023,01/12/2023,01/13/2023,01/14/2023,01/15/2023,01/16/2023,01/17/2023,01/18/2023,01/19/2023,01/20/2023,01/21/2023,01/22/2023,01/23/2023,01/24/2023,01/25/2023,01/26/2023,01/27/2023,01/28/2023,01/29/2023,01/30/2023,01/31/2023,02/01/2023,02/02/2023,02/03/2023,02/04/2023,02/05/2023,02/06/2023,02/07/2023,02/08/2023,02/09/2023,02/10/2023,02/11/2023,02/12/2023,02/13/2023,02/14/2023,02/15/2023,02/16/2023,02/17/2023,02/18/2023,02/19/2023,02/20/2023,02/21/2023,02/22/2023,02/23/2023,02/24/2023,02/25/2023,02/26/2023,02/27/2023,02/28/2023,03/01/2023,03/02/2023,03/03/2023,03/04/2023,03/05/2023,03/06/2023,03/07/2023,03/08/2023,03/09/2023,03/10/2023,03/11/2023,03/12/2023,03/13/2023,03/14/2023,03/15/2023,03/16/2023,03/17/2023,03/18/2023,03/19/2023,03/20/2023,03/21/2023,03/22/2023,03/23/2023,03/24/2023,03/25/2023,03/26/2023,03/27/2023,03/28/2023,03/29/2023,03/30/2023,03/31/2023,04/01/2023,04/02/2023,04/03/2023,04/04/2023,04/05/2023,04/06/2023,04/07/2023,04/08/2023,04/09/2023,04/10/2023,04/11/2023,04/12/2023,04/13/2023,04/14/2023,04/15/2023,04/16/2023,04/17/2023,04/18/2023,04/19/2023,04/20/2023,04/21/2023,04/22/2023,04/23/2023,04/24/2023,04/25/2023,04/26/2023,04/27/2023,04/28/2023,04/29/2023,04/30/2023,05/01/2023,05/02/2023,05/03/2023,05/04/2023,05/05/2023,05/06/2023,05/07/2023,05/08/2023,05/09/2023,05/10/2023,05/11/2023,05/12/2023,05/13/2023,05/14/2023,05/15/2023,05/16/2023,05/17/2023,05/18/2023,05/19/2023,05/20/2023,05/21/2023,05/22/2023,05/23/2023,05/24/2023,05/25/2023,05/26/2023,05/27/2023,05/28/2023,05/29/2023,05/30/2023,05/31/2023,06/01/2023,06/02/2023,06/03/2023,06/04/2023,06/05/2023,06/06/2023,06/07/2023,06/08/2023,06/09/2023,06/10/2023,06/11/2023,06/12/2023,06/13/2023,06/14/2023,06/15/2023,06/16/2023,06/17/2023,06/18/2023,06/19/2023,06/20/2023,06/21/2023,06/22/2023,06/23/2023,06/24/2023,06/25/2023,06/26/2023,06/27/2023,06/28/2023,06/29/2023,06/30/2023,07/01/2023,07/02/2023,07/03/2023,07/04/2023,07/05/2023,07/06/2023,07/07/2023,07/08/2023,07/09/2023,07/10/2023,07/11/2023,07/12/2023,07/13/2023,07/14/2023,07/15/2023,07/16/2023,07/17/2023,07/18/2023,07/19/2023,07/20/2023,07/21/2023,07/22/2023,07/23/2023,07/24/2023,07/25/2023,07/26/2023,07/27/2023,07/28/2023,07/29/2023,07/30/2023,07/31/2023,08/01/2023,08/02/2023,08/03/2023,08/04/2023,08/05/2023,08/06/2023,08/07/2023,08/08/2023,08/09/2023,08/10/2023,08/11/2023,08/12/2023,08/13/2023,08/14/2023,08/15/2023,08/16/2023,08/17/2023,08/18/2023,08/19/2023,08/20/2023,08/21/2023,08/22/2023,08/23/2023,08/24/2023,08/25/2023,08/26/2023,08/27/2023,08/28/2023,08/29/2023,08/30/2023,08/31/2023,09/01/2023,09/02/2023,09/03/2023,09/04/2023,09/05/2023,09/06/2023,09/07/2023,09/08/2023,09/09/2023,09/10/2023,09/11/2023,09/12/2023,09/13/2023,09/14/2023,09/15/2023,09/16/2023,09/17/2023,09/18/2023,09/19/2023,09/20/2023,09/21/2023,09/22/2023,09/23/2023,09/24/2023,09/25/2023,09/26/2023,09/27/2023,09/28/2023,09/29/2023,09/30/2023,10/01/2023,10/02/2023,10/03/2023,10/04/2023,10/05/2023,10/06/2023,10/07/2023,10/08/2023,10/09/2023,10/10/2023,10/11/2023,10/12/2023,10/13/2023,10/14/2023,10/15/2023,10/16/2023,10/17/2023,10/18/2023,10/19/2023,10/20/2023,10/21/2023,10/22/2023,10/23/2023,10/24/2023,10/25/2023,10/26/2023,10/27/2023,10/28/2023,10/29/2023,10/30/2023,10/31/2023,11/01/2023,11/02/2023,11/03/2023,11/04/2023,11/05/2023,11/06/2023,11/07/2023,11/08/2023,11/09/2023,11/10/2023,11/11/2023,11/12/2023,11/13/2023,11/14/2023,11/15/2023,11/16/2023,11/17/2023,11/18/2023,11/19/2023,11/20/2023,11/21/2023,11/22/2023,11/23/2023,11/24/2023,11/25/2023,11/26/2023,11/27/2023,11/28/2023,11/29/2023,11/30/2023,12/01/2023,12/02/2023,12/03/2023,12/04/2023,12/05/2023,12/06/2023,12/07/2023,12/08/2023,12/09/2023,12/10/2023,12/11/2023,12/12/2023,12/13/2023,12/14/2023,12/15/2023,12/16/2023,12/17/2023,12/18/2023,12/19/2023,12/20/2023,12/21/2023,12/22/2023,12/23/2023,12/24/2023,12/25/2023,12/26/2023,12/27/2023,12/28/2023,12/29/2023,12/30/2023,12/31/2023,01/01/2024
Gross Sales,$0.00,$0.00,$0.00,$0.00,$0.00,$0.00,$0.00,$0.00,$0.00,$0.00,$972.23,"$1,316.28","$1,354.81","$2,419.78","$1,423.06",$0.00,$0.00,$994.16,"$1,193.00","$1,259.45","$2,749.15","$1,317.49",$0.00,$0.00,"$1,179.34",$974.42,"$1,355.54","$1,840.79","$1,226.27",$0.00,$0.00,$919.07,"$1,463.52","$1,051.04","$2,243.72","$1,405.99",$0.00,$0.00,"$1,251.03",$887.52,"$1,393.09","$2,422.99","$1,350.18",$0.00,"$3,746.54","$2,319.80","$2,665.38","$3,091.33","$4,273.40","$2,131.08",$0.00,$0.00,"$1,650.66","$1,370.52","$2,492.02","$4,167.59","$2,407.75",$0.00,$0.00,"$2,522.93","$2,264.49","$3,181.58","$3,649.79","$3,197.42",$0.00,$85.00,"$2,430.25","$2,578.35","$2,351.13","$3,404.80","$2,168.71",$0.00,$2.65,"$2,517.33","$2,893.20","$2,731.63","$3,402.69","$2,317.92",$0.00,$0.00,"$2,504.36","$2,176.08","$2,361.24","$3,046.39","$2,923.65",$24.65,$0.00,"$2,319.84","$2,497.32","$2,493.76","$4,336.97","$3,032.00",$0.00,$0.00,"$2,107.30","$4,131.11","$5,077.69","$4,303.98",$780.63,$0.00,$0.00,"$2,113.59","$2,858.14","$2,738.26","$3,724.72","$3,266.31",$4.00,$0.00,"$2,342.52","$2,953.83","$3,159.59","$4,093.00","$2,974.90",$0.00,$460.86,"$2,660.75","$3,067.12","$3,927.23","$3,667.42","$2,317.25",$2.65,$0.00,"$2,497.52","$2,276.74","$3,375.82","$4,023.25","$2,863.74",$0.00,$0.00,"$2,620.98","$3,037.17","$4,112.52","$4,694.71","$3,891.55","$1,292.74",$360.00,"$2,636.42","$2,558.77","$3,373.99","$4,282.54","$3,447.61",$0.00,$288.00,"$3,095.14","$3,188.19","$3,302.86","$5,316.28","$2,831.14","$1,408.76",$86.00,"$2,534.60","$2,508.26","$3,379.93","$4,959.21","$3,366.78",$0.00,$0.00,"$2,504.88","$3,003.35","$3,560.94","$5,094.14","$2,943.79","$1,235.00",$0.00,"$2,913.31","$3,138.36","$3,726.41","$5,427.34","$3,172.89",$0.00,$500.00,"$2,862.95","$3,052.68","$3,044.81","$4,703.25","$3,136.12",$0.00,$0.00,"$3,315.14","$3,115.76","$3,454.25","$4,477.59","$2,377.45",$0.00,$0.00,"$3,223.33","$2,787.33","$3,527.79","$4,596.68","$2,357.26",$237.30,$0.00,"$2,797.57","$2,914.16","$3,635.78","$4,255.58","$4,430.42",$0.00,$16.00,"$2,879.77","$3,015.97","$3,186.36","$4,413.90","$2,816.88",$0.00,$0.00,"$2,351.66","$2,429.00","$3,302.46","$3,252.20","$3,583.66",$159.00,$0.00,"$3,050.72","$2,993.18","$3,582.87","$4,129.72","$2,896.43",$25.50,$0.00,"$2,943.29","$2,663.47","$3,980.24","$3,558.44","$2,746.34",$0.00,$0.00,"$4,037.25","$3,100.99","$3,192.78","$4,138.88","$4,623.17",$0.00,$0.00,"$3,067.36","$2,636.39","$4,183.41","$4,493.82","$3,350.03",$0.00,$0.00,"$2,414.15","$3,180.66","$4,107.99","$4,075.90","$4,132.97",$0.00,$0.00,"$2,853.35","$2,068.88","$2,932.51","$4,164.32","$3,594.89",$0.00,$0.00,"$3,139.25","$3,253.64","$3,632.10","$5,155.68","$5,310.74",$0.00,$0.00,"$3,160.41","$2,921.83","$3,628.89","$4,401.65","$3,721.72",$0.00,$0.00,"$3,333.12","$4,145.17","$4,568.94","$5,100.43","$3,797.13",$660.00,"$2,127.08","$3,115.82","$3,369.66","$4,309.41","$4,979.01","$1,196.17",$115.20,"$2,093.23","$3,048.80","$3,672.51","$3,656.25","$4,281.76","$3,244.04",$115.20,"$2,654.42","$2,899.12","$2,903.10","$3,523.30","$5,183.40","$3,517.71","$2,297.43","$2,307.00","$3,026.03","$3,215.01","$3,844.18","$5,679.41","$3,235.27","$1,678.98","$3,755.21","$2,745.86","$3,710.23","$4,292.02","$5,728.86","$3,950.83","$1,585.65","$2,458.41","$3,595.50","$3,026.64","$4,446.07","$5,573.94","$4,426.44","$2,818.54","$2,482.91","$3,201.58","$3,579.39","$4,000.23","$5,800.57","$3,311.62",$0.00,"$2,235.70","$2,880.80","$3,490.69","$5,364.85","$5,181.47","$3,765.47","$2,368.67","$2,435.63","$2,919.20","$3,180.13","$3,494.59","$5,351.26","$3,729.33","$2,073.55","$2,438.77","$4,590.16","$4,349.11","$5,393.88","$5,871.28","$4,088.94","$2,404.64","$2,804.84","$3,300.46","$3,897.62","$4,543.87","$6,729.01","$4,517.82","$2,707.02","$3,633.22","$5,412.46","$5,435.97","$8,178.84",$0.00,$0.00,$0.00,"$2,830.65","$2,169.42","$3,429.08","$4,056.12","$5,351.10","$4,487.15",$0.00
Items,$0.00,$0.00,$0.00,$0.00,$0.00,$0.00,$0.00,$0.00,$0.00,$0.00,$972.23,"$1,316.28","$1,354.81","$2,419.78","$1,423.06",$0.00,$0.00,$994.16,"$1,193.00","$1,259.45","$2,749.15","$1,317.49",$0.00,$0.00,"$1,179.34",$974.42,"$1,355.54","$1,840.79","$1,226.27",$0.00,$0.00,$919.07,"$1,463.52","$1,051.04","$2,243.72","$1,405.99",$0.00,$0.00,"$1,251.03",$887.52,"$1,393.09","$2,422.99","$1,350.18",$0.00,"$3,746.54","$2,319.80","$2,665.38","$3,091.33","$4,273.40","$2,131.08",$0.00,$0.00,"$1,650.66","$1,370.52","$2,492.02","$4,167.59","$2,407.75",$0.00,$0.00,"$2,522.93","$2,264.49","$3,181.58","$3,649.79","$3,197.42",$0.00,$85.00,"$2,430.25","$2,578.35","$2,351.13","$3,404.80","$2,168.71",$0.00,$2.65,"$2,517.33","$2,893.20","$2,731.63","$3,402.69","$2,317.92",$0.00,$0.00,"$2,504.36","$2,176.08","$2,361.24","$3,046.39","$2,923.65",$24.65,$0.00,"$2,319.84","$2,497.32","$2,493.76","$4,336.97","$3,032.00",$0.00,$0.00,"$2,107.30","$4,131.11","$5,077.69","$4,303.98",$780.63,$0.00,$0.00,"$2,113.59","$2,858.14","$2,738.26","$3,724.72","$3,266.31",$4.00,$0.00,"$2,342.52","$2,953.83","$3,159.59","$4,093.00","$2,974.90",$0.00,$460.86,"$2,660.75","$3,067.12","$3,927.23","$3,667.42","$2,317.25",$2.65,$0.00,"$2,497.52","$2,276.74","$3,375.82","$4,023.25","$2,863.74",$0.00,$0.00,"$2,620.98","$3,037.17","$4,112.52","$4,694.71","$3,891.55","$1,292.74",$360.00,"$2,636.42","$2,558.77","$3,373.99","$4,282.54","$3,447.61",$0.00,$288.00,"$3,095.14","$3,188.19","$3,302.86","$5,316.28","$2,831.14","$1,408.76",$86.00,"$2,534.60","$2,508.26","$3,379.93","$4,959.21","$3,366.78",$0.00,$0.00,"$2,504.88","$3,003.35","$3,560.94","$5,094.14","$2,943.79","$1,235.00",$0.00,"$2,913.31","$3,138.36","$3,726.41","$5,427.34","$3,172.89",$0.00,$500.00,"$2,862.95","$3,052.68","$3,044.81","$4,703.25","$3,136.12",$0.00,$0.00,"$3,315.14","$3,115.76","$3,454.25","$4,477.59","$2,377.45",$0.00,$0.00,"$3,223.33","$2,787.33","$3,527.79","$4,596.68","$2,357.26",$237.30,$0.00,"$2,797.57","$2,914.16","$3,635.78","$4,255.58","$4,430.42",$0.00,$16.00,"$2,879.77","$3,015.97","$3,186.36","$4,413.90","$2,816.88",$0.00,$0.00,"$2,351.66","$2,429.00","$3,302.46","$3,252.20","$3,583.66",$159.00,$0.00,"$3,050.72","$2,993.18","$3,582.87","$4,129.72","$2,896.43",$25.50,$0.00,"$2,943.29","$2,663.47","$3,980.24","$3,558.44","$2,746.34",$0.00,$0.00,"$4,037.25","$3,100.99","$3,192.78","$4,138.88","$4,623.17",$0.00,$0.00,"$3,067.36","$2,636.39","$4,183.41","$4,493.82","$3,350.03",$0.00,$0.00,"$2,414.15","$3,180.66","$4,107.99","$4,075.90","$4,132.97",$0.00,$0.00,"$2,853.35","$2,068.88","$2,932.51","$4,164.32","$3,594.89",$0.00,$0.00,"$3,139.25","$3,253.64","$3,632.10","$5,155.68","$5,310.74",$0.00,$0.00,"$3,160.41","$2,921.83","$3,628.89","$4,401.65","$3,721.72",$0.00,$0.00,"$3,333.12","$4,145.17","$4,568.94","$5,100.43","$3,797.13",$660.00,"$2,127.08","$3,115.82","$3,369.66","$4,309.41","$4,979.01","$1,196.17",$115.20,"$2,093.23","$3,048.80","$3,672.51","$3,656.25","$4,281.76","$3,244.04",$115.20,"$2,654.42","$2,899.12","$2,903.10","$3,523.30","$5,183.40","$3,517.71","$2,297.43","$2,307.00","$3,026.03","$3,215.01","$3,844.18","$5,679.41","$3,235.27","$1,678.98","$3,755.21","$2,745.86","$3,710.23","$4,292.02","$5,728.86","$3,950.83","$1,585.65","$2,458.41","$3,595.50","$3,026.64","$4,446.07","$5,573.94","$4,426.44","$2,818.54","$2,482.91","$3,201.58","$3,579.39","$4,000.23","$5,800.57","$3,311.62",$0.00,"$2,235.70","$2,880.80","$3,490.69","$5,364.85","$5,181.47","$3,765.47","$2,368.67","$2,435.63","$2,919.20","$3,180.13","$3,494.59","$5,351.26","$3,729.33","$2,073.55","$2,438.77","$4,590.16","$4,349.11","$5,393.88","$5,871.28","$4,088.94","$2,404.64","$2,804.84","$3,300.46","$3,897.62","$4,543.87","$6,729.01","$4,517.82","$2,707.02","$3,633.22","$5,412.46","$5,435.97","$8,178.84",$0.00,$0.00,$0.00,"$2,830.65","$2,169.42","$3,429.08","$4,056.12","$5,351.10","$4,487.15",$0.00
Service Charges,$0.00,$0.00,$0.00,$0.00,$0.00,$0.00,$0.00,$0.00,$0.00,$0.00,$0.00,$0.00,$0.00,$0.00,$0.00,$0.00,$0.00,$0.00,$0.00,$0.00,$0.00,$0.00,$0.00,$0.00,$0.00,$0.00,$0.00,$0.00,$0.00,$0.00,$0.00,$0.00,$0.00,$0.00,$0.00,$0.00,$0.00,$0.00,$0.00,$0.00,$0.00,$0.00,$0.00,$0.00,$0.00,$0.00,$0.00,$0.00,$0.00,$0.00,$0.00,$0.00,$0.00,$0.00,$0.00,$0.00,$0.00,$0.00,$0.00,$0.00,$0.00,$0.00,$0.00,$0.00,$0.00,$0.00,$0.00,$0.00,$0.00,$0.00,$0.00,$0.00,$0.00,$0.00,$0.00,$0.00,$0.00,$0.00,$0.00,$0.00,$0.00,$0.00,$0.00,$0.00,$0.00,$0.00,$0.00,$0.00,$0.00,$0.00,$0.00,$0.00,$0.00,$0.00,$0.00,$0.00,$0.00,$0.00,$0.00,$0.00,$0.00,$0.00,$0.00,$0.00,$0.00,$0.00,$0.00,$0.00,$0.00,$0.00,$0.00,$0.00,$0.00,$0.00,$0.00,$0.00,$0.00,$0.00,$0.00,$0.00,$0.00,$0.00,$0.00,$0.00,$0.00,$0.00,$0.00,$0.00,$0.00,$0.00,$0.00,$0.00,$0.00,$0.00,$0.00,$0.00,$0.00,$0.00,$0.00,$0.00,$0.00,$0.00,$0.00,$0.00,$0.00,$0.00,$0.00,$0.00,$0.00,$0.00,$0.00,$0.00,$0.00,$0.00,$0.00,$0.00,$0.00,$0.00,$0.00,$0.00,$0.00,$0.00,$0.00,$0.00,$0.00,$0.00,$0.00,$0.00,$0.00,$0.00,$0.00,$0.00,$0.00,$0.00,$0.00,$0.00,$0.00,$0.00,$0.00,$0.00,$0.00,$0.00,$0.00,$0.00,$0.00,$0.00,$0.00,$0.00,$0.00,$0.00,$0.00,$0.00,$0.00,$0.00,$0.00,$0.00,$0.00,$0.00,$0.00,$0.00,$0.00,$0.00,$0.00,$0.00,$0.00,$0.00,$0.00,$0.00,$0.00,$0.00,$0.00,$0.00,$0.00,$0.00,$0.00,$0.00,$0.00,$0.00,$0.00,$0.00,$0.00,$0.00,$0.00,$0.00,$0.00,$0.00,$0.00,$0.00,$0.00,$0.00,$0.00,$0.00,$0.00,$0.00,$0.00,$0.00,$0.00,$0.00,$0.00,$0.00,$0.00,$0.00,$0.00,$0.00,$0.00,$0.00,$0.00,$0.00,$0.00,$0.00,$0.00,$0.00,$0.00,$0.00,$0.00,$0.00,$0.00,$0.00,$0.00,$0.00,$0.00,$0.00,$0.00,$0.00,$0.00,$0.00,$0.00,$0.00,$0.00,$0.00,$0.00,$0.00,$0.00,$0.00,$0.00,$0.00,$0.00,$0.00,$0.00,$0.00,$0.00,$0.00,$0.00,$0.00,$0.00,$0.00,$0.00,$0.00,$0.00,$0.00,$0.00,$0.00,$0.00,$0.00,$0.00,$0.00,$0.00,$0.00,$0.00,$0.00,$0.00,$0.00,$0.00,$0.00,$0.00,$0.00,$0.00,$0.00,$0.00,$0.00,$0.00,$0.00,$0.00,$0.00,$0.00,$0.00,$0.00,$0.00,$0.00,$0.00,$0.00,$0.00,$0.00,$0.00,$0.00,$0.00,$0.00,$0.00,$0.00,$0.00,$0.00,$0.00,$0.00,$0.00,$0.00,$0.00,$0.00,$0.00,$0.00,$0.00,$0.00,$0.00,$0.00,$0.00,$0.00,$0.00,$0.00,$0.00,$0.00,$0.00,$0.00,$0.00,$0.00,$0.00,$0.00,$0.00,$0.00,$0.00,$0.00,$0.00,$0.00,$0.00,$0.00,$0.00,$0.00,$0.00
Returns,$0.00,$0.00,$0.00,$0.00,$0.00,$0.00,$0.00,$0.00,$0.00,$0.00,$0.00,$0.00,$0.00,$0.00,-$23.00,$0.00,$0.00,$0.00,$0.00,$0.00,$0.00,$0.00,$0.00,$0.00,$0.00,$0.00,$0.00,$0.00,$0.00,$0.00,$0.00,$0.00,$0.00,$0.00,$0.00,$0.00,$0.00,$0.00,$0.00,$0.00,$0.00,$0.00,$0.00,$0.00,$0.00,$0.00,$0.00,$0.00,$0.00,$0.00,$0.00,$0.00,$0.00,$0.00,$0.00,$0.00,$0.00,$0.00,$0.00,$0.00,$0.00,$0.00,$0.00,-$18.00,$0.00,$0.00,$0.00,$0.00,$0.00,$0.00,$0.00,$0.00,$0.00,$0.00,$0.00,$0.00,$0.00,$0.00,$0.00,$0.00,$0.00,$0.00,$0.00,$0.00,$0.00,$0.00,$0.00,$0.00,$0.00,$0.00,$0.00,$0.00,$0.00,$0.00,$0.00,$0.00,$0.00,$0.00,$0.00,$0.00,$0.00,$0.00,$0.00,$0.00,$0.00,$0.00,$0.00,$0.00,$0.00,$0.00,$0.00,$0.00,$0.00,$0.00,$0.00,$0.00,$0.00,$0.00,$0.00,-$46.00,$0.00,$0.00,$0.00,-$23.00,$0.00,$0.00,$0.00,$0.00,$0.00,$0.00,$0.00,-$6.00,$0.00,$0.00,-$4.75,$0.00,$0.00,$0.00,$0.00,$0.00,-$31.75,$0.00,$0.00,$0.00,$0.00,$0.00,$0.00,$0.00,$0.00,$0.00,$0.00,$0.00,$0.00,$0.00,$0.00,$0.00,$0.00,$0.00,$0.00,-$30.00,$0.00,$0.00,$0.00,$0.00,$0.00,$0.00,$0.00,$0.00,$0.00,$0.00,$0.00,-$28.00,-$6.25,$0.00,$0.00,$0.00,$0.00,$0.00,$0.00,$0.00,$0.00,$0.00,$0.00,$0.00,$0.00,-$8.00,-$12.00,$0.00,$0.00,$0.00,$0.00,$0.00,$0.00,$0.00,$0.00,$0.00,$0.00,$0.00,$0.00,$0.00,$0.00,$0.00,$0.00,$0.00,$0.00,$0.00,$0.00,$0.00,$0.00,$0.00,$0.00,$0.00,$0.00,$0.00,$0.00,$0.00,$0.00,$0.00,$0.00,$0.00,$0.00,$0.00,$0.00,$0.00,$0.00,$0.00,$0.00,$0.00,$0.00,$0.00,$0.00,-$4.95,$0.00,$0.00,$0.00,$0.00,$0.00,-$52.80,$0.00,$0.00,$0.00,$0.00,$0.00,$0.00,$0.00,$0.00,$0.00,$0.00,$0.00,$0.00,$0.00,$0.00,$0.00,$0.00,$0.00,$0.00,$0.00,$0.00,$0.00,-$13.00,$0.00,$0.00,$0.00,$0.00,$0.00,$0.00,$0.00,$0.00,$0.00,$0.00,-$7.00,$0.00,$0.00,$0.00,$0.00,$0.00,$0.00,$0.00,$0.00,$0.00,$0.00,$0.00,$0.00,$0.00,$0.00,$0.00,$0.00,$0.00,$0.00,$0.00,$0.00,$0.00,$0.00,$0.00,$0.00,$0.00,$0.00,$0.00,$0.00,$0.00,$0.00,-$3.25,$0.00,$0.00,$0.00,$0.00,$0.00,$0.00,$0.00,$0.00,$0.00,$0.00,$0.00,$0.00,$0.00,$0.00,$0.00,$0.00,$0.00,-$4.25,$0.00,$0.00,$0.00,$0.00,$0.00,$0.00,$0.00,$0.00,$0.00,$0.00,$0.00,-$6.00,$0.00,-$1.00,$0.00,$0.00,$0.00,$0.00,$0.00,$0.00,$0.00,$0.00,-$32.00,$0.00,$0.00,$0.00,$0.00,$0.00,$0.00,$0.00,$0.00,$0.00,$0.00,$0.00,$0.00,$0.00,$0.00,$0.00,$0.00,$0.00,$0.00,$0.00,$0.00,$0.00,-$7.00,$0.00
Discounts & Comps,$0.00,$0.00,$0.00,$0.00,$0.00,$0.00,$0.00,$0.00,$0.00,$0.00,-$12.13,-$51.60,-$24.10,-$31.97,-$107.92,$0.00,$0.00,-$9.05,-$14.57,-$24.95,-$50.96,-$21.10,$0.00,$0.00,-$2.88,-$14.77,-$6.63,-$9.79,-$72.40,$0.00,$0.00,-$33.35,-$20.61,-$9.60,-$12.43,-$25.12,$0.00,$0.00,-$14.96,-$7.76,-$7.30,-$17.76,-$2.30,$0.00,-$45.26,-$10.07,-$20.96,-$42.18,-$11.84,-$3.31,$0.00,$0.00,-$21.39,-$34.18,-$40.48,-$75.83,-$57.33,$0.00,$0.00,-$21.15,-$15.46,-$55.90,-$20.78,-$24.09,$0.00,$0.00,-$18.61,-$30.07,-$24.87,-$21.19,-$2.30,$0.00,-$0.66,-$27.81,-$102.23,-$42.45,-$31.12,-$59.50,$0.00,$0.00,-$23.35,-$33.42,-$14.95,-$33.59,-$168.84,-$6.16,$0.00,-$68.93,-$50.44,-$49.43,-$44.97,-$31.55,$0.00,$0.00,-$44.34,-$106.04,-$34.74,-$33.32,-$4.85,$0.00,$0.00,-$38.18,-$22.87,-$25.14,-$34.26,-$21.06,-$1.00,$0.00,-$39.28,-$23.32,-$37.50,-$27.78,-$16.83,$0.00,-$10.22,-$30.77,-$13.69,-$36.83,-$25.87,-$29.72,-$0.66,$0.00,-$17.29,-$19.63,-$26.94,-$47.85,-$15.09,$0.00,$0.00,-$50.43,-$34.03,-$59.49,-$30.49,-$52.26,-$51.18,$0.00,-$62.30,-$35.70,-$17.23,-$21.57,-$30.03,$0.00,$0.00,-$36.48,-$27.40,-$61.94,-$38.67,-$29.40,-$16.72,$0.00,-$38.11,-$24.31,-$19.48,-$43.46,-$5.24,$0.00,$0.00,-$31.55,-$103.91,-$45.89,-$26.10,-$25.23,$0.00,$0.00,-$24.01,-$160.58,-$38.10,-$38.13,-$21.80,$0.00,$0.00,-$127.30,-$31.85,-$15.92,-$44.44,-$29.69,$0.00,$0.00,-$22.10,-$99.61,-$9.89,-$20.11,-$24.36,$0.00,$0.00,-$25.29,-$85.54,-$51.66,-$95.18,-$22.97,$0.00,$0.00,-$16.80,-$60.96,-$52.93,-$16.34,-$31.23,$0.00,$0.00,-$51.22,-$31.58,-$24.89,-$56.98,-$19.00,$0.00,$0.00,-$31.45,-$23.34,-$32.75,-$62.28,-$30.74,$0.00,$0.00,-$23.85,-$57.13,-$26.90,-$19.59,-$38.74,$0.00,$0.00,-$20.77,-$38.21,-$19.24,-$63.54,-$17.81,$0.00,$0.00,-$86.68,-$29.76,-$47.25,-$61.01,-$31.62,$0.00,$0.00,-$40.73,-$17.52,-$28.79,-$37.59,-$47.34,$0.00,$0.00,-$44.10,-$22.11,-$76.25,-$54.32,-$27.07,$0.00,$0.00,-$44.49,-$27.47,-$53.68,-$61.22,-$141.53,$0.00,$0.00,-$48.40,-$48.42,-$49.30,-$94.63,-$38.42,$0.00,$0.00,-$55.62,-$35.27,-$50.93,-$49.53,-$19.63,$0.00,$0.00,-$29.90,-$12.33,-$62.37,-$53.55,-$53.03,$0.00,-$68.49,-$36.10,-$49.31,-$44.76,-$125.65,-$7.50,$0.00,-$21.04,-$331.75,-$60.93,-$157.97,-$76.78,-$16.68,$0.00,-$69.32,-$28.58,-$72.98,-$32.65,-$107.32,-$37.49,-$106.65,-$121.40,-$14.29,-$50.95,-$44.53,-$86.72,-$32.05,-$121.85,-$238.20,-$161.20,-$21.35,-$50.57,-$52.83,-$33.90,-$130.94,-$204.76,-$41.72,-$41.67,-$41.13,-$63.55,-$20.46,-$163.01,-$152.90,-$21.78,-$55.98,-$33.91,-$51.75,-$26.39,$0.00,-$141.30,-$53.23,-$20.04,-$44.87,-$47.81,-$53.60,-$186.67,-$178.17,-$133.79,-$38.59,-$43.29,-$64.63,-$66.50,-$43.48,-$74.13,-$148.46,-$218.10,-$78.81,-$160.02,-$57.74,-$27.34,-$23.31,-$25.81,-$159.82,-$46.51,-$115.84,-$42.56,-$54.54,-$46.72,-$83.09,-$75.48,-$215.04,$0.00,$0.00,$0.00,-$256.99,-$14.52,-$53.75,-$64.76,-$90.14,-$63.64,$0.00
Net Sales,$0.00,$0.00,$0.00,$0.00,$0.00,$0.00,$0.00,$0.00,$0.00,$0.00,$960.10,"$1,264.68","$1,330.71","$2,387.81","$1,292.14",$0.00,$0.00,$985.11,"$1,178.43","$1,234.50","$2,698.19","$1,296.39",$0.00,$0.00,"$1,176.46",$959.65,"$1,348.91","$1,831.00","$1,153.87",$0.00,$0.00,$885.72,"$1,442.91","$1,041.44","$2,231.29","$1,380.87",$0.00,$0.00,"$1,236.07",$879.76,"$1,385.79","$2,405.23","$1,347.88",$0.00,"$3,701.28","$2,309.73","$2,644.42","$3,049.15","$4,261.56","$2,127.77",$0.00,$0.00,"$1,629.27","$1,336.34","$2,451.54","$4,091.76","$2,350.42",$0.00,$0.00,"$2,501.78","$2,249.03","$3,125.68","$3,629.01","$3,155.33",$0.00,$85.00,"$2,411.64","$2,548.28","$2,326.26","$3,383.61","$2,166.41",$0.00,$1.99,"$2,489.52","$2,790.97","$2,689.18","$3,371.57","$2,258.42",$0.00,$0.00,"$2,481.01","$2,142.66","$2,346.29","$3,012.80","$2,754.81",$18.49,$0.00,"$2,250.91","$2,446.88","$2,444.33","$4,292.00","$3,000.45",$0.00,$0.00,"$2,062.96","$4,025.07","$5,042.95","$4,270.66",$775.78,$0.00,$0.00,"$2,075.41","$2,835.27","$2,713.12","$3,690.46","$3,245.25",$3.00,$0.00,"$2,303.24","$2,930.51","$3,122.09","$4,065.22","$2,958.07",$0.00,$450.64,"$2,629.98","$3,053.43","$3,890.40","$3,641.55","$2,241.53",$1.99,$0.00,"$2,480.23","$2,234.11","$3,348.88","$3,975.40","$2,848.65",$0.00,$0.00,"$2,570.55","$3,003.14","$4,047.03","$4,664.22","$3,839.29","$1,236.81",$360.00,"$2,574.12","$2,523.07","$3,356.76","$4,260.97","$3,385.83",$0.00,$288.00,"$3,058.66","$3,160.79","$3,240.92","$5,277.61","$2,801.74","$1,392.04",$86.00,"$2,496.49","$2,483.95","$3,360.45","$4,915.75","$3,361.54",$0.00,$0.00,"$2,473.33","$2,899.44","$3,485.05","$5,068.04","$2,918.56","$1,235.00",$0.00,"$2,889.30","$2,977.78","$3,688.31","$5,389.21","$3,151.09",$0.00,$500.00,"$2,707.65","$3,014.58","$3,028.89","$4,658.81","$3,106.43",$0.00,$0.00,"$3,293.04","$3,016.15","$3,444.36","$4,457.48","$2,353.09",$0.00,$0.00,"$3,190.04","$2,689.79","$3,476.13","$4,501.50","$2,334.29",$237.30,$0.00,"$2,780.77","$2,853.20","$3,582.85","$4,239.24","$4,399.19",$0.00,$16.00,"$2,828.55","$2,984.39","$3,161.47","$4,356.92","$2,797.88",$0.00,$0.00,"$2,320.21","$2,405.66","$3,269.71","$3,189.92","$3,552.92",$159.00,$0.00,"$3,026.87","$2,936.05","$3,555.97","$4,110.13","$2,857.69",$25.50,$0.00,"$2,922.52","$2,625.26","$3,961.00","$3,494.90","$2,728.53",$0.00,$0.00,"$3,950.57","$3,071.23","$3,145.53","$4,077.87","$4,586.60",$0.00,$0.00,"$3,026.63","$2,618.87","$4,154.62","$4,403.43","$3,302.69",$0.00,$0.00,"$2,370.05","$3,158.55","$4,031.74","$4,021.58","$4,105.90",$0.00,$0.00,"$2,808.86","$2,041.41","$2,878.83","$4,103.10","$3,453.36",$0.00,$0.00,"$3,090.85","$3,205.22","$3,582.80","$5,061.05","$5,259.32",$0.00,$0.00,"$3,104.79","$2,886.56","$3,577.96","$4,352.12","$3,702.09",$0.00,$0.00,"$3,303.22","$4,125.84","$4,506.57","$5,046.88","$3,744.10",$660.00,"$2,058.59","$3,079.72","$3,320.35","$4,264.65","$4,853.36","$1,188.67",$115.20,"$2,072.19","$2,717.05","$3,611.58","$3,498.28","$4,204.98","$3,227.36",$115.20,"$2,585.10","$2,870.54","$2,830.12","$3,490.65","$5,076.08","$3,480.22","$2,190.78","$2,185.60","$3,011.74","$3,164.06","$3,799.65","$5,592.69","$3,199.97","$1,557.13","$3,517.01","$2,584.66","$3,688.88","$4,241.45","$5,676.03","$3,916.93","$1,454.71","$2,253.65","$3,553.78","$2,984.97","$4,404.94","$5,510.39","$4,405.98","$2,655.53","$2,330.01","$3,179.80","$3,519.16","$3,966.32","$5,748.82","$3,285.23",$0.00,"$2,094.40","$2,827.57","$3,470.65","$5,319.98","$5,133.66","$3,711.87","$2,182.00","$2,251.46","$2,785.41","$3,140.54","$3,451.30","$5,286.63","$3,662.83","$2,030.07","$2,364.64","$4,441.70","$4,131.01","$5,315.07","$5,679.26","$4,031.20","$2,377.30","$2,781.53","$3,274.65","$3,737.80","$4,497.36","$6,613.17","$4,475.26","$2,652.48","$3,586.50","$5,329.37","$5,360.49","$7,963.80",$0.00,$0.00,$0.00,"$2,573.66","$2,154.90","$3,375.33","$3,991.36","$5,260.96","$4,416.51",$0.00
Gift Card Sales,$0.00,$0.00,$0.00,$0.00,$0.00,$0.00,$0.00,$0.00,$0.00,$0.00,$0.00,$0.00,$0.00,$75.00,$0.00,$0.00,$0.00,$0.00,$0.00,$100.00,$0.00,$0.00,$0.00,$0.00,$0.00,$40.00,$0.00,$0.00,$0.00,$0.00,$0.00,$0.00,$0.00,$0.00,$0.00,$0.00,$0.00,$0.00,$0.00,$0.00,$0.00,$0.00,$0.00,$0.00,$0.00,$0.00,$0.00,$0.00,$0.00,$50.00,$0.00,$0.00,$50.00,$0.00,$0.00,$0.00,$0.00,$0.00,$0.00,$60.00,$0.00,$0.00,$40.00,$0.00,$0.00,$0.00,$0.00,$0.00,$0.00,$0.00,$0.00,$0.00,$0.00,$0.00,$0.00,$0.00,$0.00,$125.00,$0.00,$0.00,$0.00,$25.00,$0.00,$0.00,$0.00,$0.00,$0.00,$0.00,$0.00,$75.00,$100.00,$0.00,$0.00,$0.00,$0.00,$50.00,$0.00,$0.00,$0.00,$0.00,$0.00,$0.00,$0.00,$75.00,$100.00,$0.00,$0.00,$0.00,$20.00,$0.00,$0.00,$0.00,$25.00,$0.00,$0.00,$50.00,$100.00,$0.00,$75.00,$0.00,$0.00,$0.00,$0.00,$0.00,$50.00,$50.00,$0.00,$0.00,$0.00,$0.00,$0.00,$40.00,$0.00,$0.00,$0.00,$0.00,$0.00,$0.00,$0.00,$50.00,$0.00,$0.00,$0.00,$0.00,$100.00,$0.00,$0.00,$0.00,$0.00,$0.00,$16.90,$50.00,$0.00,$0.00,$100.00,$0.00,$0.00,$0.00,$0.00,$0.00,$0.00,$50.00,$0.00,$0.00,$0.00,$0.00,$0.00,$65.00,$30.00,$0.00,$0.00,$0.00,$0.00,$190.00,$0.00,$0.00,$0.00,$0.00,$30.00,$55.00,$0.00,$0.00,$0.00,$0.00,$0.00,$130.00,$0.00,$250.00,$0.00,$0.00,$0.00,$0.00,$0.00,$0.00,$0.00,$0.00,$0.00,$0.00,$0.00,$0.00,$0.00,$0.00,$0.00,$0.00,$0.00,$0.00,$0.00,$0.00,$0.00,$0.00,$0.00,$0.00,$0.00,$0.00,$0.00,$50.00,$0.00,$0.00,$0.00,$0.00,$0.00,$0.00,$75.00,$50.00,$0.00,$0.00,$0.00,$0.00,$0.00,$110.00,$0.00,$0.00,$0.00,$0.00,$0.00,$0.00,$0.00,$0.00,$0.00,$0.00,$0.00,$0.00,$0.00,$0.00,$0.00,$0.00,$0.00,$0.00,$0.00,$0.00,$20.00,$20.00,$30.00,$0.00,$0.00,$0.00,$0.00,$100.00,$0.00,$0.00,$0.00,$0.00,$0.00,$100.00,$0.00,$25.00,$0.00,$0.00,$0.00,$50.00,$40.00,$32.00,$0.00,$0.00,$0.00,$0.00,$150.00,$0.00,$20.00,$0.00,$0.00,$0.00,$0.00,$0.00,$20.00,$25.00,$50.00,$0.00,$0.00,$0.00,$0.00,$0.00,$0.00,$0.00,$0.00,$0.00,$0.00,$0.00,$0.00,$0.00,$0.00,$0.00,$0.00,$0.00,$0.00,$0.00,$0.00,$25.00,$30.00,$0.00,$0.00,$160.00,$75.00,$25.00,$0.00,$100.00,$150.00,$0.00,$100.00,$20.00,$0.00,$40.00,$0.00,$0.00,$0.00,$0.00,$50.00,$100.00,$0.00,$0.00,$0.00,$0.00,$0.00,$0.00,$0.00,$0.00,$0.00,$0.00,$0.00,$0.00,$55.00,$255.00,$75.00,$170.00,$0.00,$165.00,$120.00,$50.00,$95.00,$50.00,$140.00,$130.00,$115.00,$485.00,$465.00,$415.00,$0.00,$0.00,$0.00,$80.00,$0.00,$45.00,$0.00,$0.00,$0.00,$0.00
Tax,$0.00,$0.00,$0.00,$0.00,$0.00,$0.00,$0.00,$0.00,$0.00,$0.00,$94.22,$113.85,$118.38,$215.01,$111.40,$0.00,$0.00,$94.63,$97.08,$101.18,$202.88,$98.96,$0.00,$0.00,$119.88,$94.47,$111.52,$149.12,$93.05,$0.00,$0.00,$84.44,$108.76,$93.65,$176.67,$85.04,$0.00,$0.00,$109.63,$88.92,$128.71,$188.92,$111.14,$0.00,$331.67,$202.59,$272.74,$308.10,$380.42,$193.15,$0.00,$0.00,$156.98,$130.32,$189.40,$324.96,$215.29,$0.00,$0.00,$226.32,$233.15,$294.19,$338.79,$246.39,$0.00,$0.00,$234.82,$244.25,$226.30,$306.24,$198.55,$0.00,$0.26,$216.56,$268.48,$257.44,$328.99,$209.86,$0.00,$0.00,$215.23,$192.66,$209.15,$274.69,$284.15,$2.40,$0.00,$189.10,$245.65,$240.87,$358.14,$294.71,$0.00,$0.00,$177.88,$366.68,$413.72,$392.44,$68.19,$0.00,$0.00,$216.13,$259.60,$247.72,$374.23,$322.60,$0.15,$0.00,$244.84,$283.40,$302.37,$374.36,$277.44,$0.00,$0.00,$243.52,$303.80,$337.06,$331.70,$207.23,$0.26,$0.00,$214.86,$212.56,$338.49,$403.64,$278.23,$0.00,$0.00,$258.09,$317.66,$401.72,$443.90,$381.59,$130.78,$0.00,$265.09,$249.81,$352.05,$388.95,$335.12,$0.00,$0.00,$310.50,$331.06,$363.26,$502.94,$286.61,$143.12,$0.00,$263.56,$263.51,$327.97,$462.06,$332.07,$0.00,$0.00,$254.20,$274.39,$279.74,$470.04,$304.22,$160.55,$0.00,$284.93,$312.40,$370.14,$546.47,$317.97,$0.00,$65.00,$297.59,$313.65,$296.43,$418.29,$324.26,$0.00,$0.00,$314.16,$319.02,$319.54,$473.75,$226.44,$0.00,$0.00,$293.00,$244.52,$355.87,$445.52,$229.41,$0.00,$0.00,$277.08,$293.06,$365.26,$385.31,$481.19,$0.00,$0.00,$276.41,$275.75,$294.83,$451.70,$270.30,$0.00,$0.00,$239.25,$230.75,$312.43,$293.08,$373.35,$0.00,$0.00,$308.32,$312.78,$318.72,$400.00,$295.63,$0.00,$0.00,$315.54,$248.72,$322.63,$319.58,$257.32,$0.00,$0.00,$292.20,$297.62,$317.77,$396.54,$461.98,$0.00,$0.00,$285.26,$263.85,$382.87,$400.41,$318.37,$0.00,$0.00,$235.31,$308.65,$375.70,$400.13,$396.33,$0.00,$0.00,$268.16,$219.32,$258.15,$377.27,$331.80,$0.00,$0.00,$309.02,$334.20,$348.88,$499.37,$590.75,$0.00,$0.00,$294.43,$291.06,$332.48,$437.97,$407.11,$0.00,$0.00,$309.97,$356.60,$470.29,$476.56,$403.65,$0.00,$199.30,$308.30,$352.44,$432.09,$458.20,$90.45,$0.00,$201.83,$266.23,$358.81,$364.51,$424.55,$333.97,$0.00,$257.49,$292.79,$281.81,$337.30,$488.59,$352.32,$197.21,$231.34,$293.26,$326.71,$391.89,$564.11,$313.40,$156.14,$231.29,$266.54,$372.91,$331.96,$583.70,$353.07,$154.73,$219.01,$306.92,$291.56,$366.55,$531.94,$412.56,$261.91,$243.46,$299.03,$359.33,$425.96,$544.06,$334.43,$0.00,$200.68,$264.64,$365.18,$502.45,$501.31,$383.82,$203.11,$200.81,$286.91,$320.10,$331.62,$502.43,$342.35,$213.69,$235.67,$381.69,$433.72,$488.73,$530.22,$391.09,$233.02,$282.27,$335.07,$351.64,$393.89,$583.63,$378.55,$235.40,$319.29,$398.16,$446.71,$705.68,$0.00,$0.00,$0.00,$231.97,$214.80,$334.17,$375.62,$503.73,$422.16,$0.00
Tip,$0.00,$0.00,$0.00,$0.00,$0.00,$0.00,$0.00,$0.00,$0.00,$0.00,$58.52,$66.53,$78.79,$177.15,$128.24,$0.00,$0.00,$72.28,$53.41,$84.55,$164.33,$120.88,$0.00,$0.00,$69.83,$92.94,$93.87,$94.64,$67.58,$0.00,$0.00,$42.35,$72.70,$49.94,$186.98,$77.20,$0.00,$0.00,$66.80,$59.00,$82.49,$129.40,$58.61,$0.00,$296.95,$149.09,$205.63,$221.19,$327.09,$176.39,$0.00,$0.00,$120.40,$80.12,$168.03,$303.38,$199.71,$0.00,$0.00,$166.99,$157.06,$182.83,$266.50,$208.75,$0.00,$0.00,$167.21,$172.69,$183.74,$243.45,$170.60,$0.00,$0.00,$176.52,$172.47,$171.05,$234.42,$183.41,$0.00,$0.00,$152.30,$142.90,$176.04,$167.73,$179.71,$0.00,$0.00,$151.24,$178.97,$192.43,$286.75,$207.76,$0.00,$0.00,$85.19,$271.75,$369.53,$330.59,$83.56,$0.00,$0.00,$150.43,$216.35,$195.56,$308.61,$276.01,$0.00,$0.00,$174.84,$214.94,$254.07,$323.88,$240.00,$0.00,$0.00,$197.82,$191.06,$286.86,$296.56,$153.35,$0.00,$0.00,$148.59,$150.75,$238.15,$316.68,$247.38,$0.00,$0.00,$195.41,$186.50,$293.59,$345.10,$315.01,$121.54,$0.00,$210.04,$194.92,$225.56,$290.67,$283.49,$0.00,$0.00,$206.18,$233.14,$259.53,$302.21,$247.37,$99.11,$15.48,$204.80,$177.34,$289.89,$300.29,$243.32,$0.00,$0.00,$180.83,$175.23,$212.68,$342.09,$253.41,$0.00,$0.00,$176.11,$242.87,$250.10,$366.55,$321.28,$0.00,$0.00,$246.06,$214.21,$218.29,$268.95,$271.16,$0.00,$0.00,$206.59,$187.91,$236.27,$415.92,$160.66,$0.00,$0.00,$225.63,$220.03,$275.38,$393.02,$185.34,$0.00,$0.00,$181.00,$244.50,$304.18,$295.68,$343.85,$0.00,$2.40,$187.41,$213.11,$219.74,$335.41,$221.48,$0.00,$0.00,$163.05,$162.73,$223.14,$253.76,$270.08,$0.00,$0.00,$228.31,$212.85,$268.82,$320.62,$238.25,$0.00,$0.00,$190.32,$192.25,$238.11,$279.65,$234.99,$0.00,$0.00,$235.14,$181.27,$270.28,$316.00,$422.95,$0.00,$0.00,$186.97,$182.35,$260.36,$294.11,$260.02,$0.00,$0.00,$163.82,$201.35,$241.33,$261.88,$302.87,$0.00,$0.00,$201.94,$184.59,$150.08,$286.54,$283.41,$0.00,$0.00,$213.54,$194.60,$232.07,$352.27,$445.85,$0.00,$0.00,$234.77,$197.05,$244.46,$339.40,$277.44,$0.00,$0.00,$178.07,$181.22,$351.14,$317.49,$258.85,$0.00,$152.35,$184.57,$207.86,$271.60,$323.99,$69.59,$0.00,$178.41,$172.81,$216.60,$247.65,$298.87,$311.21,$0.00,$164.51,$210.31,$189.00,$263.91,$351.18,$232.72,$152.76,$141.78,$187.37,$244.12,$280.03,$453.68,$261.94,$124.89,$171.11,$186.20,$253.41,$229.09,$454.62,$318.08,$102.29,$192.25,$245.92,$198.14,$292.23,$387.04,$336.55,$188.13,$166.77,$180.79,$248.35,$277.60,$372.12,$246.76,$0.00,$156.68,$172.07,$236.24,$315.75,$432.53,$268.25,$138.98,$149.40,$196.00,$235.44,$256.45,$400.59,$271.97,$152.08,$158.06,$263.03,$285.00,$286.00,$395.00,$249.39,$168.10,$193.25,$246.08,$246.50,$254.40,$425.23,$319.37,$177.68,$257.78,$299.58,$338.45,$484.92,$0.00,$0.00,$0.00,$198.20,$155.18,$216.26,$277.01,$353.31,$306.35,$0.00
Refunds by Amount,$0.00,$0.00,$0.00,$0.00,$0.00,$0.00,$0.00,$0.00,$0.00,$0.00,$0.00,$0.00,$0.00,$0.00,$0.00,$0.00,$0.00,$0.00,$0.00,$0.00,$0.00,$0.00,$0.00,$0.00,$0.00,$0.00,$0.00,$0.00,$0.00,$0.00,$0.00,$0.00,$0.00,$0.00,$0.00,$0.00,$0.00,$0.00,$0.00,$0.00,$0.00,$0.00,$0.00,$0.00,$0.00,$0.00,$0.00,$0.00,$0.00,$0.00,$0.00,$0.00,$0.00,$0.00,$0.00,$0.00,$0.00,$0.00,$0.00,$0.00,$0.00,$0.00,$0.00,$0.00,$0.00,$0.00,$0.00,$0.00,$0.00,$0.00,$0.00,$0.00,$0.00,$0.00,$0.00,$0.00,$0.00,$0.00,$0.00,$0.00,$0.00,$0.00,$0.00,$0.00,$0.00,$0.00,$0.00,$0.00,$0.00,$0.00,$0.00,$0.00,$0.00,$0.00,$0.00,$0.00,$0.00,$0.00,$0.00,$0.00,$0.00,$0.00,$0.00,$0.00,$0.00,$0.00,$0.00,$0.00,$0.00,$0.00,$0.00,$0.00,$0.00,$0.00,$0.00,$0.00,$0.00,$0.00,$0.00,$0.00,$0.00,$0.00,$0.00,$0.00,$0.00,$0.00,$0.00,$0.00,$0.00,$0.00,$0.00,$0.00,$0.00,$0.00,$0.00,$0.00,$0.00,$0.00,$0.00,$0.00,$0.00,$0.00,$0.00,$0.00,$0.00,$0.00,$0.00,$0.00,$0.00,$0.00,$0.00,$0.00,$0.00,$0.00,$0.00,$0.00,$0.00,$0.00,$0.00,$0.00,$0.00,$0.00,$0.00,$0.00,$0.00,$0.00,$0.00,$0.00,$0.00,$0.00,$0.00,$0.00,$0.00,$0.00,$0.00,$0.00,$0.00,$0.00,$0.00,$0.00,$0.00,$0.00,$0.00,$0.00,$0.00,$0.00,$0.00,$0.00,$0.00,$0.00,$0.00,$0.00,$0.00,$0.00,$0.00,$0.00,$0.00,$0.00,$0.00,$0.00,$0.00,$0.00,$0.00,$0.00,$0.00,$0.00,$0.00,$0.00,$0.00,$0.00,$0.00,$0.00,$0.00,$0.00,$0.00,$0.00,$0.00,$0.00,$0.00,$0.00,$0.00,$0.00,$0.00,$0.00,$0.00,$0.00,$0.00,$0.00,$0.00,$0.00,$0.00,$0.00,$0.00,$0.00,$0.00,$0.00,$0.00,$0.00,$0.00,$0.00,$0.00,$0.00,$0.00,$0.00,$0.00,$0.00,$0.00,$0.00,$0.00,$0.00,-$2.00,$0.00,$0.00,$0.00,$0.00,$0.00,$0.00,$0.00,$0.00,$0.00,$0.00,$0.00,$0.00,$0.00,$0.00,$0.00,$0.00,$0.00,$0.00,$0.00,$0.00,$0.00,$0.00,$0.00,$0.00,$0.00,$0.00,$0.00,$0.00,$0.00,$0.00,$0.00,$0.00,$0.00,$0.00,$0.00,$0.00,$0.00,$0.00,$0.00,$0.00,$0.00,$0.00,$0.00,$0.00,$0.00,$0.00,$0.00,$0.00,$0.00,-$30.00,$0.00,$0.00,$0.00,$0.00,$0.00,$0.00,$0.00,$0.00,$0.00,$0.00,$0.00,$0.00,$0.00,$0.00,$0.00,$0.00,$0.00,$0.00,$0.00,$0.00,$0.00,$0.00,$0.00,$0.00,$0.00,$0.00,$0.00,$0.00,$0.00,$0.00,$0.00,$0.00,$0.00,$0.00,$0.00,$0.00,$0.00,$0.00,$0.00,$0.00,$0.00,$0.00,$0.00,$0.00,$0.00,$0.00,$0.00,$0.00,$0.00,$0.00,$0.00,$0.00,$0.00,$0.00,$0.00,$0.00,$0.00,$0.00,$0.00,$0.00,$0.00,$0.00,$0.00,$0.00,$0.00
Cash Rounding,$0.00,$0.00,$0.00,$0.00,$0.00,$0.00,$0.00,$0.00,$0.00,$0.00,$0.03,-$0.01,$0.00,$0.03,$0.00,$0.00,$0.00,$0.03,-$0.03,$0.00,$0.01,-$0.02,$0.00,$0.00,$0.02,$0.04,$0.01,$0.01,-$0.02,$0.00,$0.00,$0.01,-$0.04,-$0.01,$0.06,-$0.02,$0.00,$0.00,$0.05,$0.04,$0.05,$0.01,$0.01,$0.00,-$0.09,$0.12,$0.19,$0.01,-$0.01,$0.00,$0.00,$0.00,$0.01,$0.07,$0.01,$0.07,-$0.01,$0.00,$0.00,-$0.03,$0.12,$0.09,$0.00,-$0.05,$0.00,$0.00,-$0.04,-$0.01,$0.01,-$0.01,$0.07,$0.00,$0.00,$0.01,$0.05,-$0.04,$0.04,$0.05,$0.00,$0.00,$0.03,$0.09,$0.07,$0.00,$0.08,$0.00,$0.00,$0.03,$0.09,$0.01,$0.09,-$0.01,$0.00,$0.00,$0.06,-$0.08,$0.06,$0.01,$0.02,$0.00,$0.00,$0.04,$0.12,$0.12,$0.09,$0.13,$0.00,$0.00,$0.06,$0.10,-$0.01,$0.07,$0.04,$0.00,$0.00,$0.01,$0.16,$0.09,$0.11,$0.09,$0.00,$0.00,$0.00,$0.08,$0.11,-$0.03,$0.02,$0.00,$0.00,$0.11,$0.06,$0.08,$0.04,-$0.04,-$0.10,$0.00,$0.07,$0.05,$0.08,$0.00,$0.04,$0.00,$0.00,$0.01,$0.03,$0.16,-$0.03,$0.02,-$0.10,$0.00,-$0.05,-$0.04,$0.03,$0.06,$0.05,$0.00,$0.00,-$0.05,$0.15,$0.04,$0.06,$0.20,$0.00,$0.00,$0.03,-$0.06,$0.07,-$0.08,$0.02,$0.00,$0.00,$0.13,$0.04,$0.02,$0.08,$0.00,$0.00,$0.00,-$0.07,$0.07,-$0.01,$0.04,$0.12,$0.00,$0.00,-$0.01,$0.03,$0.04,$0.14,$0.00,$0.00,$0.00,-$0.02,$0.04,$0.05,$0.03,$0.20,$0.00,$0.00,-$0.07,$0.09,-$0.01,$0.00,$0.04,$0.00,$0.00,-$0.05,$0.03,$0.01,-$0.02,-$0.04,$0.00,$0.00,$0.11,$0.07,$0.13,$0.13,$0.03,$0.00,$0.00,$0.17,$0.09,$0.03,$0.01,-$0.01,$0.00,$0.00,$0.06,$0.15,$0.17,-$0.01,-$0.05,$0.00,$0.00,$0.11,-$0.01,$0.00,-$0.02,$0.02,$0.00,$0.00,$0.10,-$0.02,-$0.03,-$0.02,-$0.03,$0.00,$0.00,$0.00,$0.00,-$0.09,-$0.07,$0.01,$0.00,$0.00,-$0.01,$0.09,-$0.01,-$0.05,-$0.04,$0.00,$0.00,-$0.06,$0.08,$0.02,-$0.03,$0.08,$0.00,$0.00,-$0.02,$0.00,$0.05,-$0.03,$0.03,$0.00,$0.05,$0.03,$0.05,$0.05,-$0.10,$0.03,$0.00,$0.05,$0.01,$0.00,$0.01,$0.10,$0.09,$0.00,$0.09,$0.06,$0.08,$0.07,$0.04,$0.18,-$0.08,$0.06,$0.08,$0.02,$0.08,-$0.08,$0.01,$0.04,-$0.15,$0.16,$0.03,$0.06,$0.09,$0.08,$0.02,-$0.01,$0.06,$0.01,-$0.02,-$0.06,$0.06,-$0.02,-$0.15,$0.00,$0.05,$0.10,-$0.07,-$0.08,$0.00,-$0.07,$0.10,-$0.01,-$0.01,-$0.01,-$0.09,-$0.13,-$0.13,$0.09,-$0.11,$0.01,$0.02,$0.06,$0.05,$0.06,$0.13,$0.20,$0.06,$0.04,$0.05,-$0.08,$0.08,$0.08,$0.16,$0.07,-$0.09,-$0.02,$0.05,-$0.01,$0.04,$0.02,-$0.02,$0.00,$0.00,$0.00,$0.06,$0.08,-$0.02,-$0.03,-$0.02,$0.12,$0.00
Total,$0.00,$0.00,$0.00,$0.00,$0.00,$0.00,$0.00,$0.00,$0.00,$0.00,"$1,112.87","$1,445.05","$1,527.88","$2,855.00","$1,531.78",$0.00,$0.00,"$1,152.05","$1,328.89","$1,520.23","$3,065.41","$1,516.21",$0.00,$0.00,"$1,366.19","$1,187.10","$1,554.31","$2,074.77","$1,314.48",$0.00,$0.00,"$1,012.52","$1,624.33","$1,185.02","$2,595.00","$1,543.09",$0.00,$0.00,"$1,412.55","$1,027.72","$1,597.04","$2,723.56","$1,517.64",$0.00,"$4,329.81","$2,661.53","$3,122.98","$3,578.45","$4,969.06","$2,547.31",$0.00,$0.00,"$1,956.66","$1,546.85","$2,808.98","$4,720.17","$2,765.41",$0.00,$0.00,"$2,955.06","$2,639.36","$3,602.79","$4,274.30","$3,610.42",$0.00,$85.00,"$2,813.63","$2,965.21","$2,736.31","$3,933.29","$2,535.63",$0.00,$2.25,"$2,882.61","$3,231.97","$3,117.63","$3,935.02","$2,776.74",$0.00,$0.00,"$2,848.57","$2,503.31","$2,731.55","$3,455.22","$3,218.75",$20.89,$0.00,"$2,591.28","$2,871.59","$2,952.64","$5,036.98","$3,502.91",$0.00,$0.00,"$2,326.09","$4,713.42","$5,826.26","$4,993.70",$927.55,$0.00,$0.00,"$2,442.01","$3,311.34","$3,231.52","$4,473.39","$3,843.99",$3.15,$0.00,"$2,742.98","$3,428.95","$3,678.52","$4,763.53","$3,500.55",$0.00,$450.64,"$3,121.33","$3,648.45","$4,514.41","$4,344.92","$2,602.20",$2.25,$0.00,"$2,843.68","$2,597.50","$3,975.63","$4,745.69","$3,374.28",$0.00,$0.00,"$3,024.16","$3,507.36","$4,782.42","$5,453.26","$4,535.85","$1,489.03",$360.00,"$3,049.32","$2,967.85","$3,934.45","$4,990.59","$4,004.48",$0.00,$288.00,"$3,575.35","$3,825.02","$3,863.87","$6,082.73","$3,335.74","$1,634.17",$101.48,"$2,981.70","$2,974.76","$3,978.34","$5,678.16","$4,036.98",$0.00,$0.00,"$2,908.31","$3,349.21","$3,977.51","$5,880.23","$3,526.39","$1,395.55",$0.00,"$3,350.37","$3,532.99","$4,308.62","$6,367.15","$3,820.36",$0.00,$565.00,"$3,251.43","$3,542.48","$3,733.63","$5,346.13","$3,701.85",$0.00,$0.00,"$3,843.72","$3,578.15","$4,000.16","$5,347.19","$2,740.31",$0.00,$0.00,"$3,838.66","$3,154.37","$4,357.42","$5,340.18","$2,749.04",$237.30,$0.00,"$3,238.83","$3,390.80","$4,252.34","$4,920.26","$5,224.43",$0.00,$18.40,"$3,292.30","$3,473.34","$3,676.03","$5,144.03","$3,289.70",$0.00,$0.00,"$2,722.46","$2,799.17","$3,805.29","$3,736.74","$4,196.31",$159.00,$0.00,"$3,563.61","$3,461.75","$4,193.64","$4,830.88","$3,391.60",$25.50,$0.00,"$3,428.55","$3,066.32","$4,596.77","$4,144.14","$3,220.83",$0.00,$0.00,"$4,477.97","$3,550.27","$3,843.75","$4,790.40","$5,471.48",$0.00,$0.00,"$3,498.97","$3,065.06","$4,797.85","$5,097.93","$3,881.10",$0.00,$0.00,"$2,769.28","$3,668.53","$4,648.74","$4,683.57","$4,805.07",$0.00,$0.00,"$3,278.96","$2,445.32","$3,304.97","$4,786.84","$4,098.58",$0.00,$0.00,"$3,613.40","$3,734.11","$4,263.74","$5,912.64","$6,295.88",$0.00,$0.00,"$3,633.93","$3,474.75","$4,154.92","$5,154.46","$4,386.72",$0.00,$0.00,"$3,841.24","$4,703.66","$5,360.05","$5,840.90","$4,406.63",$660.00,"$2,410.29","$3,722.62","$3,880.70","$4,988.39","$5,635.45","$1,348.74",$115.20,"$2,452.48","$3,156.10","$4,206.99","$4,135.45","$4,978.50","$3,872.63",$115.20,"$3,007.19","$3,373.70","$3,301.01","$4,091.93","$5,915.89","$4,065.44","$2,540.67","$2,558.78","$3,492.45","$3,734.91","$4,471.65","$6,580.40","$3,775.32","$1,838.20","$3,919.26","$3,037.56","$4,315.23","$4,802.56","$6,739.44","$4,618.16","$1,711.75","$2,664.90","$4,266.68","$3,549.68","$5,088.70","$6,429.31","$5,255.15","$3,255.55","$2,740.09","$3,759.62","$4,146.89","$4,669.98","$6,704.93","$3,866.34",$0.00,"$2,451.69","$3,264.38","$4,122.06","$6,238.17","$6,067.49","$4,363.85","$2,523.96","$2,601.54","$3,268.41","$3,695.97","$4,039.38","$6,189.67","$4,277.21","$2,395.89","$2,758.43","$5,086.55","$4,904.93","$6,344.86","$6,679.52","$4,841.73","$2,778.34","$3,422.13","$3,975.88","$4,386.10","$5,240.72","$7,671.94","$5,313.16","$3,195.61","$4,278.56","$6,512.15","$6,610.67","$9,569.38",$0.00,$0.00,$0.00,"$3,083.89","$2,524.96","$3,970.74","$4,643.96","$6,117.98","$5,145.14",$0.00

Payments
Total Collected,$0.00,$0.00,$0.00,$0.00,$0.00,$0.00,$0.00,$0.00,$0.00,$0.00,"$1,112.87","$1,445.05","$1,527.88","$2,855.00","$1,531.78",$0.00,$0.00,"$1,152.05","$1,328.89","$1,520.23","$3,065.41","$1,516.21",$0.00,$0.00,"$1,366.19","$1,187.10","$1,554.31","$2,074.77","$1,314.48",$0.00,$0.00,"$1,012.52","$1,624.33","$1,185.02","$2,595.00","$1,543.09",$0.00,$0.00,"$1,412.55","$1,027.72","$1,597.04","$2,723.56","$1,517.64",$0.00,"$4,329.81","$2,661.53","$3,122.98","$3,578.45","$4,969.06","$2,547.31",$0.00,$0.00,"$1,956.66","$1,546.85","$2,808.98","$4,720.17","$2,765.41",$0.00,$0.00,"$2,955.06","$2,639.36","$3,602.79","$4,274.30","$3,610.42",$0.00,$85.00,"$2,813.63","$2,965.21","$2,736.31","$3,933.29","$2,535.63",$0.00,$2.25,"$2,882.61","$3,231.97","$3,117.63","$3,935.02","$2,776.74",$0.00,$0.00,"$2,848.57","$2,503.31","$2,731.55","$3,455.22","$3,218.75",$20.89,$0.00,"$2,591.28","$2,871.59","$2,952.64","$5,036.98","$3,502.91",$0.00,$0.00,"$2,326.09","$4,713.42","$5,826.26","$4,993.70",$927.55,$0.00,$0.00,"$2,442.01","$3,311.34","$3,231.52","$4,473.39","$3,843.99",$3.15,$0.00,"$2,742.98","$3,428.95","$3,678.52","$4,763.53","$3,500.55",$0.00,$450.64,"$3,121.33","$3,648.45","$4,514.41","$4,344.92","$2,602.20",$2.25,$0.00,"$2,843.68","$2,597.50","$3,975.63","$4,745.69","$3,374.28",$0.00,$0.00,"$3,024.16","$3,507.36","$4,782.42","$5,453.26","$4,535.85","$1,489.03",$360.00,"$3,049.32","$2,967.85","$3,934.45","$4,990.59","$4,004.48",$0.00,$288.00,"$3,575.35","$3,825.02","$3,863.87","$6,082.73","$3,335.74","$1,634.17",$101.48,"$2,981.70","$2,974.76","$3,978.34","$5,678.16","$4,036.98",$0.00,$0.00,"$2,908.31","$3,349.21","$3,977.51","$5,880.23","$3,526.39","$1,395.55",$0.00,"$3,350.37","$3,532.99","$4,308.62","$6,367.15","$3,820.36",$0.00,$565.00,"$3,251.43","$3,542.48","$3,733.63","$5,346.13","$3,701.85",$0.00,$0.00,"$3,843.72","$3,578.15","$4,000.16","$5,347.19","$2,740.31",$0.00,$0.00,"$3,838.66","$3,154.37","$4,357.42","$5,340.18","$2,749.04",$237.30,$0.00,"$3,238.83","$3,390.80","$4,252.34","$4,920.26","$5,224.43",$0.00,$18.40,"$3,292.30","$3,473.34","$3,676.03","$5,144.03","$3,289.70",$0.00,$0.00,"$2,722.46","$2,799.17","$3,805.29","$3,736.74","$4,196.31",$159.00,$0.00,"$3,563.61","$3,461.75","$4,193.64","$4,830.88","$3,391.60",$25.50,$0.00,"$3,428.55","$3,066.32","$4,596.77","$4,144.14","$3,220.83",$0.00,$0.00,"$4,477.97","$3,550.27","$3,843.75","$4,790.40","$5,471.48",$0.00,$0.00,"$3,498.97","$3,065.06","$4,797.85","$5,097.93","$3,881.10",$0.00,$0.00,"$2,769.28","$3,668.53","$4,648.74","$4,683.57","$4,805.07",$0.00,$0.00,"$3,278.96","$2,445.32","$3,304.97","$4,786.84","$4,098.58",$0.00,$0.00,"$3,613.40","$3,734.11","$4,263.74","$5,912.64","$6,295.88",$0.00,$0.00,"$3,633.93","$3,474.75","$4,154.92","$5,154.46","$4,386.72",$0.00,$0.00,"$3,841.24","$4,703.66","$5,360.05","$5,840.90","$4,406.63",$660.00,"$2,410.29","$3,722.62","$3,880.70","$4,988.39","$5,635.45","$1,348.74",$115.20,"$2,452.48","$3,156.10","$4,206.99","$4,135.45","$4,978.50","$3,872.63",$115.20,"$3,007.19","$3,373.70","$3,301.01","$4,091.93","$5,915.89","$4,065.44","$2,540.67","$2,558.78","$3,492.45","$3,734.91","$4,471.65","$6,580.40","$3,775.32","$1,838.20","$3,919.26","$3,037.56","$4,315.23","$4,802.56","$6,739.44","$4,618.16","$1,711.75","$2,664.90","$4,266.68","$3,549.68","$5,088.70","$6,429.31","$5,255.15","$3,255.55","$2,740.09","$3,759.62","$4,146.89","$4,669.98","$6,704.93","$3,866.34",$0.00,"$2,451.69","$3,264.38","$4,122.06","$6,238.17","$6,067.49","$4,363.85","$2,523.96","$2,601.54","$3,268.41","$3,695.97","$4,039.38","$6,189.67","$4,277.21","$2,395.89","$2,758.43","$5,086.55","$4,904.93","$6,344.86","$6,679.52","$4,841.73","$2,778.34","$3,422.13","$3,975.88","$4,386.10","$5,240.72","$7,671.94","$5,313.16","$3,195.61","$4,278.56","$6,512.15","$6,610.67","$9,569.38",$0.00,$0.00,$0.00,"$3,083.89","$2,524.96","$3,970.74","$4,643.96","$6,117.98","$5,145.14",$0.00
Cash,$0.00,$0.00,$0.00,$0.00,$0.00,$0.00,$0.00,$0.00,$0.00,$0.00,$56.00,$118.05,$80.35,$203.55,$54.60,$0.00,$0.00,$122.50,$88.70,$162.40,$161.50,$125.70,$0.00,$0.00,$33.05,$54.50,$62.35,$129.85,$2.60,$0.00,$0.00,$280.35,$198.05,$3.40,$287.85,$125.10,$0.00,$0.00,$114.75,$79.05,$111.80,$132.95,$252.90,$0.00,$424.75,$199.95,$314.90,$219.45,$246.75,$256.30,$0.00,$0.00,$163.60,$141.70,$231.65,$210.80,$183.95,$0.00,$0.00,$138.45,$322.60,$149.00,$224.75,$235.45,$0.00,$0.00,$137.90,$326.60,$239.70,$200.15,$182.95,$0.00,$0.00,$224.00,$307.05,$192.55,$405.60,$294.25,$0.00,$0.00,$251.20,$348.15,$117.75,$344.45,$188.20,$0.00,$0.00,$135.60,$239.65,$180.90,$261.35,$118.65,$0.00,$0.00,$357.00,$505.25,$290.00,$566.15,$39.50,$0.00,$0.00,$240.65,$366.55,$301.60,$206.30,$356.05,$3.15,$0.00,$319.95,$344.30,$233.70,$342.50,$292.55,$0.00,$0.00,$295.50,$525.05,$373.00,$258.75,$419.65,$0.00,$0.00,$177.45,$183.55,$542.50,$388.85,$153.70,$0.00,$0.00,$383.10,$347.90,$546.00,$299.45,$144.25,$142.55,$0.00,$242.35,$295.85,$197.10,$366.25,$352.05,$0.00,$0.00,$287.50,$617.15,$314.35,$803.30,$168.35,$180.30,$0.00,$274.80,$178.80,$228.85,$484.10,$272.45,$0.00,$0.00,$364.75,$216.85,$341.25,$548.95,$435.85,$0.00,$0.00,$362.55,$391.70,$462.60,$756.70,$125.00,$0.00,$0.00,$299.25,$300.35,$225.90,$581.40,$289.45,$0.00,$0.00,$297.80,$475.65,$212.45,$243.95,$347.65,$0.00,$0.00,$173.30,$197.95,$260.15,$211.85,$255.45,$0.00,$0.00,$188.75,$341.65,$337.05,$411.05,$622.75,$0.00,$0.00,$310.10,$315.70,$209.20,$771.65,$154.45,$0.00,$0.00,$193.35,$233.00,$274.45,$251.90,$443.00,$0.00,$0.00,$194.80,$371.00,$315.65,$481.35,$226.50,$0.00,$0.00,$286.30,$265.95,$164.75,$403.85,$119.90,$0.00,$0.00,$451.05,$381.00,$373.10,$376.70,$387.65,$0.00,$0.00,$308.10,$347.95,$451.70,$323.15,$267.70,$0.00,$0.00,$308.35,$254.75,$424.90,$316.65,$426.80,$0.00,$0.00,$383.65,$231.05,$309.15,$313.45,$326.85,$0.00,$0.00,$399.75,$488.00,$340.15,$448.20,$675.25,$0.00,$0.00,$343.50,$358.15,$528.15,$468.70,$481.70,$0.00,$0.00,$306.80,$584.45,$413.20,$424.50,$518.85,$0.00,$237.45,$460.85,$530.95,$685.70,$404.15,$38.50,$0.00,$168.85,$399.45,$477.20,$358.50,$479.75,$185.20,$0.00,$460.45,$336.65,$377.45,$427.95,$313.55,$379.80,$183.10,$332.35,$373.60,$304.10,$465.15,$591.25,$78.95,$149.75,$364.15,$308.05,$329.20,$291.85,$536.55,$246.65,$212.55,$190.35,$260.35,$306.05,$334.90,$440.20,$535.85,$327.65,$194.50,$439.35,$515.90,$446.40,$408.70,$248.80,$0.00,$210.65,$253.85,$298.90,$445.70,$296.90,$510.40,$294.10,$318.20,$335.00,$470.85,$145.20,$547.45,$193.65,$155.45,$312.95,$725.55,$496.60,$344.05,$549.10,$653.90,$235.80,$370.50,$309.30,$476.30,$283.70,$434.20,$553.05,$387.25,$328.80,$384.25,$295.40,$821.50,$0.00,$0.00,$0.00,$330.25,$255.15,$223.45,$504.50,$532.95,$439.55,$0.00
Card,$0.00,$0.00,$0.00,$0.00,$0.00,$0.00,$0.00,$0.00,$0.00,$0.00,"$1,056.87","$1,284.91","$1,422.53","$2,651.45","$1,477.18",$0.00,$0.00,"$1,029.55","$1,240.19","$1,357.83","$2,903.91","$1,390.51",$0.00,$0.00,"$1,333.14","$1,132.60","$1,491.96","$1,944.92","$1,311.88",$0.00,$0.00,$732.17,"$1,426.28","$1,181.62","$2,284.22","$1,417.99",$0.00,$0.00,"$1,297.80",$900.94,"$1,485.24","$2,590.61","$1,264.74",$0.00,"$3,883.70","$2,461.58","$2,808.08","$3,358.81","$4,722.31","$2,291.01",$0.00,$0.00,"$1,793.06","$1,389.73","$2,577.33","$4,509.37","$2,569.94",$0.00,$0.00,"$2,723.38","$2,316.76","$3,453.79","$4,003.54","$3,374.97",$0.00,$85.00,"$2,645.73","$2,638.61","$2,496.61","$3,733.14","$2,352.68",$0.00,$2.25,"$2,658.61","$2,898.86","$2,914.97","$3,529.42","$2,482.49",$0.00,$0.00,"$2,597.37","$2,155.16","$2,613.80","$3,110.77","$3,010.55",$20.89,$0.00,"$2,455.68","$2,631.94","$2,771.74","$4,775.63","$3,384.26",$0.00,$0.00,"$1,969.09","$4,178.17","$5,453.18","$4,412.15",$888.05,$0.00,$0.00,"$2,201.36","$2,937.29","$2,929.92","$4,267.09","$3,472.54",$0.00,$0.00,"$2,423.03","$3,084.65","$3,444.82","$4,388.54","$3,208.00",$0.00,$450.64,"$2,805.83","$3,123.40","$4,141.41","$4,068.17","$2,157.55",$2.25,$0.00,"$2,666.23","$2,406.49","$3,433.13","$4,356.84","$3,174.51",$0.00,$0.00,"$2,641.06","$3,094.77","$4,204.10","$5,153.81","$4,391.60","$1,346.48",$360.00,"$2,806.97","$2,672.00","$3,737.35","$4,624.34","$3,612.96",$0.00,$288.00,"$3,287.85","$3,207.87","$3,532.21","$5,231.13","$3,167.39","$1,453.87",$101.48,"$2,705.20","$2,778.28","$3,736.90","$5,194.06","$3,744.53",$0.00,$0.00,"$2,543.56","$3,123.30","$3,595.59","$5,319.66","$3,083.86","$1,395.55",$0.00,"$2,987.82","$3,141.29","$3,846.02","$5,607.80","$3,673.89",$0.00,$565.00,"$2,952.18","$3,195.99","$3,464.85","$4,734.15","$3,368.58",$0.00,$0.00,"$3,545.92","$3,102.50","$3,787.71","$5,103.24","$2,342.66",$0.00,$0.00,"$3,665.36","$2,956.42","$4,097.27","$5,072.10","$2,493.59",$237.30,$0.00,"$3,050.08","$3,049.15","$3,915.29","$4,509.21","$4,601.68",$0.00,$18.40,"$2,962.20","$3,124.42","$3,266.83","$4,372.38","$3,135.25",$0.00,$0.00,"$2,529.11","$2,545.04","$3,530.84","$3,446.70","$3,753.31",$159.00,$0.00,"$3,368.81","$3,090.75","$3,877.99","$4,310.90","$3,153.80",$25.50,$0.00,"$3,142.25","$2,800.37","$4,432.02","$3,740.29","$3,075.93",$0.00,$0.00,"$4,026.92","$3,169.27","$3,444.65","$4,394.39","$5,083.83",$0.00,$0.00,"$3,190.87","$2,657.11","$4,242.06","$4,774.78","$3,569.25",$0.00,$0.00,"$2,456.31","$3,413.78","$4,219.22","$4,362.30","$4,378.27",$0.00,$0.00,"$2,895.31","$2,209.65","$2,995.82","$4,473.39","$3,743.14",$0.00,$0.00,"$3,199.79","$3,246.11","$3,923.59","$5,464.44","$5,605.90",$0.00,$0.00,"$3,290.43","$3,116.60","$3,621.65","$4,674.74","$3,905.02",$0.00,$0.00,"$3,534.44","$4,069.49","$4,918.05","$5,416.40","$3,887.78",$660.00,"$2,172.84","$3,261.77","$3,345.57","$4,288.00","$5,231.30","$1,310.24",$115.20,"$2,283.63","$2,756.65","$3,729.79","$3,642.26","$4,442.51","$3,687.43",$115.20,"$2,505.25","$3,037.05","$2,902.15","$3,604.31","$5,602.34","$3,635.64","$2,347.26","$2,226.43","$3,093.85","$3,430.81","$4,006.50","$5,989.15","$3,655.51","$1,659.59","$3,529.32","$2,729.51","$3,986.03","$4,474.33","$6,175.76","$4,371.51","$1,472.76","$2,474.55","$4,006.33","$3,243.63","$4,753.80","$5,848.31","$4,719.30","$2,927.90","$2,545.59","$3,320.27","$3,630.99","$4,223.58","$6,296.23","$3,617.54",$0.00,"$2,241.04","$2,996.91","$3,823.16","$5,792.47","$5,770.59","$3,814.93","$2,229.86","$2,283.34","$2,933.41","$3,225.12","$3,884.33","$5,642.22","$4,083.56","$2,177.21","$2,445.48","$4,361.00","$4,374.33","$5,986.12","$6,109.28","$4,126.08","$2,542.54","$3,051.63","$3,634.77","$3,909.80","$4,872.02","$7,237.74","$4,658.66","$2,808.36","$3,949.76","$6,127.90","$6,290.27","$8,704.39",$0.00,$0.00,$0.00,"$2,699.74","$2,244.81","$3,735.90","$4,104.46","$5,560.95","$4,656.76",$0.00
Other,$0.00,$0.00,$0.00,$0.00,$0.00,$0.00,$0.00,$0.00,$0.00,$0.00,$0.00,$0.00,$0.00,$0.00,$0.00,$0.00,$0.00,$0.00,$0.00,$0.00,$0.00,$0.00,$0.00,$0.00,$0.00,$0.00,$0.00,$0.00,$0.00,$0.00,$0.00,$0.00,$0.00,$0.00,$0.00,$0.00,$0.00,$0.00,$0.00,$0.00,$0.00,$0.00,$0.00,$0.00,$0.00,$0.00,$0.00,$0.00,$0.00,$0.00,$0.00,$0.00,$0.00,$0.00,$0.00,$0.00,$0.00,$0.00,$0.00,$0.00,$0.00,$0.00,$0.00,$0.00,$0.00,$0.00,$0.00,$0.00,$0.00,$0.00,$0.00,$0.00,$0.00,$0.00,$0.00,$0.00,$0.00,$0.00,$0.00,$0.00,$0.00,$0.00,$0.00,$0.00,$0.00,$0.00,$0.00,$0.00,$0.00,$0.00,$0.00,$0.00,$0.00,$0.00,$0.00,$0.00,$0.00,$0.00,$0.00,$0.00,$0.00,$0.00,$0.00,$0.00,$0.00,$0.00,$0.00,$0.00,$0.00,$0.00,$0.00,$0.00,$0.00,$0.00,$0.00,$0.00,$0.00,$0.00,$0.00,$0.00,$0.00,$0.00,$0.00,$0.00,$0.00,$0.00,$0.00,$0.00,$0.00,$0.00,$0.00,$0.00,$0.00,$0.00,$0.00,$0.00,$0.00,$0.00,$0.00,$0.00,$0.00,$0.00,$0.00,$0.00,$0.00,$0.00,$0.00,$0.00,$0.00,$0.00,$0.00,$0.00,$0.00,$0.00,$0.00,$0.00,$0.00,$0.00,$0.00,$0.00,$0.00,$0.00,$0.00,$0.00,$0.00,$0.00,$0.00,$0.00,$0.00,$0.00,$0.00,$0.00,$0.00,$0.00,$0.00,$0.00,$0.00,$0.00,$0.00,$0.00,$0.00,$0.00,$0.00,$0.00,$0.00,$0.00,$0.00,$0.00,$0.00,$0.00,$0.00,$0.00,$0.00,$0.00,$0.00,$0.00,$0.00,$0.00,$0.00,$0.00,$0.00,$0.00,$0.00,$0.00,$0.00,$0.00,$0.00,$0.00,$0.00,$0.00,$0.00,$0.00,$0.00,$0.00,$0.00,$0.00,$0.00,$0.00,$0.00,$0.00,$0.00,$0.00,$0.00,$0.00,$0.00,$0.00,$0.00,$0.00,$0.00,$0.00,$0.00,$0.00,$0.00,$0.00,$0.00,$0.00,$0.00,$0.00,$0.00,$0.00,$0.00,$0.00,$0.00,$0.00,$0.00,$0.00,$0.00,$0.00,$0.00,$0.00,$0.00,$0.00,$0.00,$0.00,$0.00,$0.00,$0.00,$0.00,$0.00,$0.00,$0.00,$0.00,$0.00,$0.00,$0.00,$0.00,$0.00,$0.00,$0.00,$0.00,$0.00,$0.00,$0.00,$0.00,$0.00,$0.00,$0.00,$0.00,$0.00,$0.00,$0.00,$0.00,$0.00,$0.00,$0.00,$0.00,$0.00,$0.00,$0.00,$0.00,$0.00,$0.00,$0.00,$0.00,$0.00,$0.00,$0.00,$0.00,$0.00,$0.00,$0.00,$0.00,$0.00,$0.00,$0.00,$0.00,$0.00,$0.00,$0.00,$0.00,$0.00,$0.00,$0.00,$0.00,$0.00,$0.00,$0.00,$0.00,$0.00,$0.00,$0.00,$0.00,$0.00,$0.00,$0.00,$0.00,$0.00,$0.00,$0.00,$0.00,$0.00,$0.00,$0.00,$0.00,$0.00,$0.00,$0.00,$0.00,$0.00,$0.00,$0.00,$0.00,$0.00,$0.00,$0.00,$0.00,$0.00,$0.00,$0.00,$0.00,$0.00,$0.00,$0.00,$0.00,$0.00,$0.00,$0.00,$0.00,$0.00,$0.00,$0.00,$0.00,$0.00,$0.00,$0.00,$0.00
Gift Card,$0.00,$0.00,$0.00,$0.00,$0.00,$0.00,$0.00,$0.00,$0.00,$0.00,$0.00,$42.09,$25.00,$0.00,$0.00,$0.00,$0.00,$0.00,$0.00,$0.00,$0.00,$0.00,$0.00,$0.00,$0.00,$0.00,$0.00,$0.00,$0.00,$0.00,$0.00,$0.00,$0.00,$0.00,$22.93,$0.00,$0.00,$0.00,$0.00,$47.73,$0.00,$0.00,$0.00,$0.00,$21.36,$0.00,$0.00,$0.19,$0.00,$0.00,$0.00,$0.00,$0.00,$15.42,$0.00,$0.00,$11.52,$0.00,$0.00,$93.23,$0.00,$0.00,$46.01,$0.00,$0.00,$0.00,$30.00,$0.00,$0.00,$0.00,$0.00,$0.00,$0.00,$0.00,$26.06,$10.11,$0.00,$0.00,$0.00,$0.00,$0.00,$0.00,$0.00,$0.00,$20.00,$0.00,$0.00,$0.00,$0.00,$0.00,$0.00,$0.00,$0.00,$0.00,$0.00,$30.00,$83.08,$15.40,$0.00,$0.00,$0.00,$0.00,$7.50,$0.00,$0.00,$15.40,$0.00,$0.00,$0.00,$0.00,$0.00,$32.49,$0.00,$0.00,$0.00,$20.00,$0.00,$0.00,$18.00,$25.00,$0.00,$0.00,$0.00,$7.46,$0.00,$0.00,$46.07,$0.00,$0.00,$0.00,$64.69,$32.32,$0.00,$0.00,$0.00,$0.00,$0.00,$0.00,$0.00,$0.00,$39.47,$0.00,$0.00,$0.00,$0.00,$17.31,$48.30,$0.00,$0.00,$0.00,$1.70,$17.68,$12.59,$0.00,$20.00,$0.00,$0.00,$0.00,$9.06,$40.67,$11.62,$6.68,$0.00,$0.00,$0.00,$0.00,$0.00,$2.65,$21.47,$0.00,$0.00,$0.00,$46.14,$42.88,$30.58,$43.82,$0.00,$0.00,$0.00,$0.00,$0.00,$0.00,$50.00,$0.00,$0.00,$0.00,$0.00,$0.00,$56.23,$0.00,$0.00,$0.00,$0.00,$0.00,$0.00,$0.00,$0.00,$0.00,$0.00,$20.00,$33.22,$200.00,$0.00,$0.00,$0.00,$0.00,$0.00,$21.13,$0.00,$38.14,$0.00,$0.00,$0.00,$0.00,$0.00,$0.00,$38.63,$11.30,$0.00,$0.00,$0.00,$0.00,$0.00,$0.00,$25.00,$0.00,$0.00,$0.00,$0.00,$26.00,$19.31,$0.00,$0.00,$0.00,$0.00,$60.00,$104.09,$0.00,$44.15,$0.00,$0.00,$4.62,$0.00,$4.62,$4.62,$0.00,$0.00,$0.00,$0.00,$4.62,$0.00,$0.00,$28.59,$0.00,$0.00,$13.86,$0.00,$0.00,$0.00,$14.73,$0.00,$0.00,$0.00,$0.00,$5.12,$11.02,$0.00,$0.00,$0.00,$0.00,$49.72,$28.80,$0.00,$0.00,$0.00,$0.00,$0.00,$4.18,$14.69,$0.00,$0.00,$0.00,$0.00,$0.00,$0.00,$134.69,$56.24,$0.00,$0.00,$41.49,$0.00,$21.41,$59.67,$0.00,$50.00,$10.31,$0.00,$25.00,$0.00,$0.00,$0.00,$40.86,$28.86,$25.79,$0.00,$0.00,$36.38,$27.13,$0.00,$26.44,$0.00,$0.00,$0.00,$0.00,$140.80,$0.00,$0.00,$0.00,$0.00,$0.00,$0.00,$0.00,$0.00,$0.00,$0.00,$13.62,$0.00,$0.00,$0.00,$38.52,$0.00,$0.00,$0.00,$0.00,$9.85,$0.00,$0.00,$63.23,$0.00,$0.00,$34.00,$14.69,$21.14,$61.75,$0.00,$0.00,$31.81,$0.00,$85.00,$0.00,$101.45,$0.00,$0.00,$0.00,$25.00,$43.49,$0.00,$0.00,$0.00,$53.90,$25.00,$11.39,$35.00,$24.08,$48.83,$0.00
Fees,$0.00,$0.00,$0.00,$0.00,$0.00,$0.00,$0.00,$0.00,$0.00,$0.00,-$17.70,-$25.70,-$24.01,-$43.19,-$26.27,$0.00,$0.00,-$22.07,-$19.23,-$24.85,-$50.29,-$23.02,$0.00,$0.00,-$24.91,-$23.82,-$26.63,-$28.99,-$24.30,$0.00,$0.00,-$10.43,-$26.21,-$22.71,-$37.68,-$22.58,$0.00,$0.00,-$25.12,-$13.10,-$20.75,-$41.92,-$26.11,$0.00,-$74.95,-$40.99,-$49.59,-$51.21,-$73.10,-$39.19,$0.00,$0.00,-$36.22,-$22.62,-$50.14,-$77.09,-$42.85,$0.00,$0.00,-$42.65,-$38.24,-$50.86,-$67.59,-$56.24,$0.00,-$2.25,-$49.29,-$43.99,-$37.95,-$59.00,-$46.89,$0.00,-$0.10,-$50.13,-$48.94,-$50.91,-$61.73,-$46.67,$0.00,$0.00,-$39.66,-$40.52,-$44.50,-$56.30,-$48.13,-$0.10,$0.00,-$44.16,-$44.73,-$41.47,-$83.54,-$57.50,$0.00,$0.00,-$38.09,-$67.46,-$82.37,-$66.44,-$17.63,$0.00,$0.00,-$43.06,-$44.72,-$51.74,-$71.29,-$55.94,$0.00,$0.00,-$43.42,-$52.89,-$55.58,-$65.61,-$53.22,$0.00,-$14.27,-$48.64,-$55.25,-$74.02,-$68.62,-$35.11,-$0.10,$0.00,-$50.59,-$42.23,-$59.21,-$71.02,-$60.67,$0.00,$0.00,-$39.67,-$52.70,-$76.22,-$95.75,-$82.86,-$26.16,-$11.35,-$53.09,-$44.90,-$65.60,-$72.33,-$65.38,$0.00,-$8.95,-$54.25,-$48.50,-$60.67,-$91.60,-$48.45,-$23.46,-$0.10,-$45.74,-$44.37,-$70.09,-$94.38,-$74.41,$0.00,$0.00,-$40.13,-$54.51,-$65.04,-$97.09,-$56.77,-$40.77,$0.00,-$56.46,-$53.16,-$60.03,-$100.14,-$62.36,$0.00,-$16.69,-$47.69,-$60.41,-$65.81,-$81.74,-$59.22,$0.00,$0.00,-$58.38,-$64.83,-$60.49,-$81.31,-$42.29,$0.00,$0.00,-$66.77,-$41.86,-$63.47,-$86.26,-$40.79,-$7.18,$0.00,-$53.55,-$50.03,-$75.51,-$77.18,-$83.61,$0.00,-$0.49,-$48.09,-$49.65,-$56.48,-$76.85,-$53.26,$0.00,$0.00,-$47.13,-$45.43,-$58.35,-$53.64,-$61.72,-$4.91,$0.00,-$60.68,-$49.04,-$68.70,-$71.02,-$53.92,-$1.04,$0.00,-$59.99,-$46.34,-$85.56,-$66.32,-$55.23,$0.00,$0.00,-$78.45,-$58.66,-$67.13,-$68.24,-$86.99,$0.00,$0.00,-$58.93,-$41.83,-$79.58,-$95.70,-$58.62,$0.00,$0.00,-$47.28,-$57.20,-$73.22,-$77.33,-$70.60,$0.00,$0.00,-$52.79,-$36.71,-$54.42,-$76.38,-$59.18,$0.00,$0.00,-$56.35,-$63.11,-$64.94,-$88.99,-$102.56,$0.00,$0.00,-$64.45,-$57.72,-$72.42,-$87.56,-$79.33,$0.00,$0.00,-$78.22,-$103.16,-$93.32,-$114.50,-$79.15,-$23.36,-$45.41,-$69.26,-$70.09,-$85.30,-$97.74,-$28.88,-$4.07,-$44.33,-$52.09,-$76.02,-$73.54,-$92.91,-$74.11,-$4.07,-$51.26,-$54.05,-$57.25,-$70.32,-$109.46,-$70.22,-$51.57,-$44.34,-$59.89,-$64.18,-$81.75,-$123.65,-$75.23,-$30.83,-$83.25,-$53.59,-$76.34,-$99.59,-$127.93,-$89.44,-$30.19,-$42.64,-$90.79,-$60.69,-$105.69,-$116.23,-$95.02,-$57.78,-$54.23,-$71.17,-$73.92,-$88.81,-$126.70,-$73.96,$0.00,-$47.02,-$64.50,-$78.02,-$126.63,-$120.54,-$77.80,-$44.61,-$49.37,-$57.18,-$64.33,-$79.57,-$109.15,-$80.45,-$47.51,-$54.75,-$95.43,-$91.07,-$123.89,-$122.78,-$84.57,-$46.71,-$66.21,-$72.96,-$78.26,-$100.22,-$145.03,-$93.60,-$57.08,-$84.33,-$126.79,-$127.77,-$172.39,$0.00,$0.00,$0.00,-$54.65,-$45.30,-$71.03,-$80.87,-$107.91,-$90.23,$0.00
Net Total,$0.00,$0.00,$0.00,$0.00,$0.00,$0.00,$0.00,$0.00,$0.00,$0.00,"$1,095.17","$1,419.35","$1,503.87","$2,811.81","$1,505.51",$0.00,$0.00,"$1,129.98","$1,309.66","$1,495.38","$3,015.12","$1,493.19",$0.00,$0.00,"$1,341.28","$1,163.28","$1,527.68","$2,045.78","$1,290.18",$0.00,$0.00,"$1,002.09","$1,598.12","$1,162.31","$2,557.32","$1,520.51",$0.00,$0.00,"$1,387.43","$1,014.62","$1,576.29","$2,681.64","$1,491.53",$0.00,"$4,254.86","$2,620.54","$3,073.39","$3,527.24","$4,895.96","$2,508.12",$0.00,$0.00,"$1,920.44","$1,524.23","$2,758.84","$4,643.08","$2,722.56",$0.00,$0.00,"$2,912.41","$2,601.12","$3,551.93","$4,206.71","$3,554.18",$0.00,$82.75,"$2,764.34","$2,921.22","$2,698.36","$3,874.29","$2,488.74",$0.00,$2.15,"$2,832.48","$3,183.03","$3,066.72","$3,873.29","$2,730.07",$0.00,$0.00,"$2,808.91","$2,462.79","$2,687.05","$3,398.92","$3,170.62",$20.79,$0.00,"$2,547.12","$2,826.86","$2,911.17","$4,953.44","$3,445.41",$0.00,$0.00,"$2,288.00","$4,645.96","$5,743.89","$4,927.26",$909.92,$0.00,$0.00,"$2,398.95","$3,266.62","$3,179.78","$4,402.10","$3,788.05",$3.15,$0.00,"$2,699.56","$3,376.06","$3,622.94","$4,697.92","$3,447.33",$0.00,$436.37,"$3,072.69","$3,593.20","$4,440.39","$4,276.30","$2,567.09",$2.15,$0.00,"$2,793.09","$2,555.27","$3,916.42","$4,674.67","$3,313.61",$0.00,$0.00,"$2,984.49","$3,454.66","$4,706.20","$5,357.51","$4,452.99","$1,462.87",$348.65,"$2,996.23","$2,922.95","$3,868.85","$4,918.26","$3,939.10",$0.00,$279.05,"$3,521.10","$3,776.52","$3,803.20","$5,991.13","$3,287.29","$1,610.71",$101.38,"$2,935.96","$2,930.39","$3,908.25","$5,583.78","$3,962.57",$0.00,$0.00,"$2,868.18","$3,294.70","$3,912.47","$5,783.14","$3,469.62","$1,354.78",$0.00,"$3,293.91","$3,479.83","$4,248.59","$6,267.01","$3,758.00",$0.00,$548.31,"$3,203.74","$3,482.07","$3,667.82","$5,264.39","$3,642.63",$0.00,$0.00,"$3,785.34","$3,513.32","$3,939.67","$5,265.88","$2,698.02",$0.00,$0.00,"$3,771.89","$3,112.51","$4,293.95","$5,253.92","$2,708.25",$230.12,$0.00,"$3,185.28","$3,340.77","$4,176.83","$4,843.08","$5,140.82",$0.00,$17.91,"$3,244.21","$3,423.69","$3,619.55","$5,067.18","$3,236.44",$0.00,$0.00,"$2,675.33","$2,753.74","$3,746.94","$3,683.10","$4,134.59",$154.09,$0.00,"$3,502.93","$3,412.71","$4,124.94","$4,759.86","$3,337.68",$24.46,$0.00,"$3,368.56","$3,019.98","$4,511.21","$4,077.82","$3,165.60",$0.00,$0.00,"$4,399.52","$3,491.61","$3,776.62","$4,722.16","$5,384.49",$0.00,$0.00,"$3,440.04","$3,023.23","$4,718.27","$5,002.23","$3,822.48",$0.00,$0.00,"$2,722.00","$3,611.33","$4,575.52","$4,606.24","$4,734.47",$0.00,$0.00,"$3,226.17","$2,408.61","$3,250.55","$4,710.46","$4,039.40",$0.00,$0.00,"$3,557.05","$3,671.00","$4,198.80","$5,823.65","$6,193.32",$0.00,$0.00,"$3,569.48","$3,417.03","$4,082.50","$5,066.90","$4,307.39",$0.00,$0.00,"$3,763.02","$4,600.50","$5,266.73","$5,726.40","$4,327.48",$636.64,"$2,364.88","$3,653.36","$3,810.61","$4,903.09","$5,537.71","$1,319.86",$111.13,"$2,408.15","$3,104.01","$4,130.97","$4,061.91","$4,885.59","$3,798.52",$111.13,"$2,955.93","$3,319.65","$3,243.76","$4,021.61","$5,806.43","$3,995.22","$2,489.10","$2,514.44","$3,432.56","$3,670.73","$4,389.90","$6,456.75","$3,700.09","$1,807.37","$3,836.01","$2,983.97","$4,238.89","$4,702.97","$6,611.51","$4,528.72","$1,681.56","$2,622.26","$4,175.89","$3,488.99","$4,983.01","$6,313.08","$5,160.13","$3,197.77","$2,685.86","$3,688.45","$4,072.97","$4,581.17","$6,578.23","$3,792.38",$0.00,"$2,404.67","$3,199.88","$4,044.04","$6,111.54","$5,946.95","$4,286.05","$2,479.35","$2,552.17","$3,211.23","$3,631.64","$3,959.81","$6,080.52","$4,196.76","$2,348.38","$2,703.68","$4,991.12","$4,813.86","$6,220.97","$6,556.74","$4,757.16","$2,731.63","$3,355.92","$3,902.92","$4,307.84","$5,140.50","$7,526.91","$5,219.56","$3,138.53","$4,194.23","$6,385.36","$6,482.90","$9,396.99",$0.00,$0.00,$0.00,"$3,029.24","$2,479.66","$3,899.71","$4,563.09","$6,010.07","$5,054.91",$0.00
